<DATE>;<TIME>;<LAST>;<VOL>;<ID>;<OPER>
20240315;095935;161.1;10;9853135082;B
20240315;095935;161.1;20;9853135083;B
20240315;095935;161.1;10;9853135084;B
20240315;095935;161.1;240;9853135085;S
20240315;095935;161.1;10;9853135086;S
20240315;095935;161.1;10;9853135087;S
20240315;095935;161.1;60;9853135088;S
20240315;095935;161.1;10;9853135089;B
20240315;095935;161.1;170;9853135090;B
20240315;095935;161.1;50;9853135091;S
20240315;095935;161.1;20;9853135092;B
20240315;095935;161.1;30;9853135093;B
20240315;095935;161.1;10;9853135094;B
20240315;095935;161.1;10;9853135095;S
20240315;095935;161.1;20;9853135096;S
20240315;095935;161.1;10;9853135097;S
20240315;095935;161.1;10;9853135098;S
20240315;095935;161.1;10;9853135099;S
20240315;095935;161.1;60;9853135100;S
20240315;095935;161.1;100;9853135101;S
20240315;095935;161.1;40;9853135102;B
20240315;095935;161.1;10;9853135103;B
20240315;095935;161.1;40;9853135104;B
20240315;095935;161.1;10;9853135105;B
20240315;095935;161.1;50;9853135106;B
20240315;095935;161.1;40;9853135107;B
20240315;095935;161.1;10;9853135108;B
20240315;095935;161.1;30;9853135109;B
20240315;095935;161.1;50;9853135110;B
20240315;095935;161.1;10;9853135111;B
20240315;095935;161.1;10;9853135112;B
20240315;095935;161.1;10;9853135113;B
20240315;095935;161.1;50;9853135114;B
20240315;095935;161.1;10;9853135115;B
20240315;095935;161.1;20;9853135116;B
20240315;095935;161.1;30;9853135117;B
20240315;095935;161.1;10;9853135118;B
20240315;095935;161.1;10;9853135119;B
20240315;095935;161.1;10;9853135120;B
20240315;095935;161.1;510;9853135121;B
20240315;095935;161.1;10;9853135122;B
20240315;095935;161.1;180;9853135123;B
20240315;095935;161.1;10;9853135124;B
20240315;095935;161.1;20;9853135125;B
20240315;095935;161.1;20;9853135126;S
20240315;095935;161.1;10;9853135127;B
20240315;095935;161.1;10;9853135128;S
20240315;095935;161.1;40;9853135129;S
20240315;095935;161.1;20;9853135130;S
20240315;095935;161.1;10;9853135131;S
20240315;095935;161.1;130;9853135132;S
20240315;095935;161.1;10;9853135133;S
20240315;095935;161.1;10;9853135134;S
20240315;095935;161.1;80;9853135135;S
20240315;095935;161.1;10;9853135136;S
20240315;095935;161.1;10;9853135137;S
20240315;095935;161.1;10;9853135138;S
20240315;095935;161.1;10;9853135139;S
20240315;095935;161.1;10;9853135140;S
20240315;095935;161.1;10;9853135141;S
20240315;095935;161.1;10;9853135142;S
20240315;095935;161.1;10;9853135143;S
20240315;095935;161.1;10;9853135144;S
20240315;095935;161.1;10;9853135145;S
20240315;095935;161.1;10;9853135146;S
20240315;095935;161.1;40;9853135147;S
20240315;095935;161.1;30;9853135148;S
20240315;095935;161.1;10;9853135149;S
20240315;095935;161.1;10;9853135150;S
20240315;095935;161.1;40;9853135151;S
20240315;095935;161.1;10;9853135152;S
20240315;095935;161.1;10;9853135153;S
20240315;095935;161.1;30;9853135154;S
20240315;095935;161.1;20;9853135155;B
20240315;095935;161.1;10;9853135156;B
20240315;095935;161.1;10;9853135157;S
20240315;095935;161.1;10;9853135158;S
20240315;095935;161.1;10;9853135159;S
20240315;095935;161.1;50;9853135160;S
20240315;095935;161.1;180;9853135161;S
20240315;095935;161.1;10;9853135162;S
20240315;095935;161.1;50;9853135163;S
20240315;095935;161.1;10;9853135164;S
20240315;095935;161.1;10;9853135165;B
20240315;095935;161.1;10;9853135166;B
20240315;095935;161.1;30;9853135167;B
20240315;095935;161.1;130;9853135168;B
20240315;095935;161.1;20;9853135169;S
20240315;095935;161.1;10;9853135170;S
20240315;095935;161.1;10;9853135171;S
20240315;095935;161.1;10;9853135172;S
20240315;095935;161.1;20;9853135173;S
20240315;095935;161.1;10;9853135174;S
20240315;095935;161.1;10;9853135175;S
20240315;095935;161.1;20;9853135176;S
20240315;095935;161.1;70;9853135177;S
20240315;095935;161.1;10;9853135178;S
20240315;095935;161.1;10;9853135179;S
20240315;095935;161.1;50;9853135180;S
20240315;095935;161.1;10;9853135181;S
20240315;095935;161.1;10;9853135182;B
20240315;095935;161.1;500;9853135183;B
20240315;095935;161.1;10;9853135184;B
20240315;095935;161.1;10;9853135185;B
20240315;095935;161.1;10;9853135186;B
20240315;095935;161.1;20;9853135187;B
20240315;095935;161.1;20;9853135188;B
20240315;095935;161.1;10;9853135189;B
20240315;095935;161.1;60;9853135190;B
20240315;095935;161.1;10;9853135191;B
20240315;095935;161.1;10;9853135192;B
20240315;095935;161.1;130;9853135193;B
20240315;095935;161.1;10;9853135194;B
20240315;095935;161.1;10;9853135195;B
20240315;095935;161.1;20;9853135196;B
20240315;095935;161.1;10;9853135197;B
20240315;095935;161.1;190;9853135198;B
20240315;095935;161.1;10;9853135199;B
20240315;095935;161.1;10;9853135200;B
20240315;095935;161.1;20;9853135201;B
20240315;095935;161.1;30;9853135202;B
20240315;095935;161.1;60;9853135203;B
20240315;095935;161.1;10;9853135204;B
20240315;095935;161.1;30;9853135205;B
20240315;095935;161.1;50;9853135206;S
20240315;095935;161.1;100;9853135207;S
20240315;100000;161.14;100;9853141236;B
20240315;100001;161.12;10;9853142248;S
20240315;100002;161.1;200;9853143288;S
20240315;100003;161.1;100;9853143800;S
20240315;100003;161.1;100;9853143801;S
20240315;100003;161.1;20;9853144147;S
20240315;100003;161.1;10;9853144148;S
20240315;100003;161.1;10;9853144149;S
20240315;100004;161.11;1000;9853144333;B
20240315;100004;161.1;10;9853144627;S
20240315;100004;161.1;220;9853144650;S
20240315;100004;161.1;10;9853144693;S
20240315;100004;161.11;10;9853144699;B
20240315;100004;161.11;10;9853144798;B
20240315;100004;161.11;10;9853144800;B
20240315;100004;161.11;10;9853144802;B
20240315;100004;161.11;10;9853144804;B
20240315;100005;161.11;10;9853145224;B
20240315;100005;161.1;10;9853145226;S
20240315;100005;161.1;10;9853145229;S
20240315;100005;161.1;10;9853145231;S
20240315;100005;161.1;30;9853145238;S
20240315;100005;161.11;10;9853145240;B
20240315;100005;161.1;10;9853145242;S
20240315;100005;161.1;30;9853145243;S
20240315;100005;161.1;10;9853145245;S
20240315;100005;161.11;10;9853145256;B
20240315;100005;161.1;250;9853145261;S
20240315;100005;161.11;20;9853145263;B
20240315;100005;161.11;100;9853145301;B
20240315;100005;161.11;10;9853145306;B
20240315;100005;161.11;10;9853145307;B
20240315;100005;161.11;60;9853145310;B
20240315;100005;161.11;10;9853145467;B
20240315;100005;161.1;90;9853145483;S
20240315;100005;161.1;10;9853145687;S
20240315;100005;161.11;10;9853145688;B
20240315;100005;161.1;10;9853145689;S
20240315;100005;161.11;10;9853145691;B
20240315;100005;161.1;10;9853145692;S
20240315;100005;161.11;10;9853145839;B
20240315;100005;161.1;100;9853145841;S
20240315;100005;161.1;10;9853145844;S
20240315;100005;161.1;50;9853146307;S
20240315;100006;161.11;10;9853146505;B
20240315;100006;161.11;10;9853146514;B
20240315;100006;161.1;10;9853146623;S
20240315;100006;161.1;20;9853146628;S
20240315;100006;161.11;10;9853147166;B
20240315;100006;161.1;30;9853147176;S
20240315;100006;161.1;30;9853147178;S
20240315;100006;161.11;10;9853147180;B
20240315;100006;161.1;10;9853147181;S
20240315;100006;161.1;10;9853147183;S
20240315;100006;161.11;10;9853147185;B
20240315;100006;161.1;10;9853147186;S
20240315;100006;161.1;20;9853147189;S
20240315;100006;161.11;10;9853147190;B
20240315;100006;161.1;10;9853147192;S
20240315;100006;161.11;10;9853147193;B
20240315;100006;161.11;10;9853147194;B
20240315;100006;161.1;10;9853147200;S
20240315;100006;161.11;10;9853147201;B
20240315;100006;161.1;10;9853147229;S
20240315;100006;161.11;10;9853147239;B
20240315;100006;161.1;10;9853147436;S
20240315;100006;161.11;10;9853147440;B
20240315;100006;161.1;10;9853147444;S
20240315;100006;161.11;10;9853147447;B
20240315;100006;161.11;20;9853147451;B
20240315;100006;161.1;10;9853147455;S
20240315;100006;161.11;10;9853147462;B
20240315;100006;161.1;20;9853148098;S
20240315;100006;161.06;10;9853148099;S
20240315;100006;161.06;10;9853148100;B
20240315;100006;161.03;30;9853148102;S
20240315;100006;161.05;200;9853148103;S
20240315;100006;161.05;200;9853148105;B
20240315;100006;161.04;20;9853148106;S
20240315;100006;161.04;280;9853148109;S
20240315;100006;161.04;230;9853148110;S
20240315;100007;161.03;200;9853148363;S
20240315;100007;161.03;210;9853148364;S
20240315;100007;161.03;10;9853148374;S
20240315;100007;161.03;10;9853148387;S
20240315;100007;161.04;10;9853148388;B
20240315;100007;161.03;10;9853148390;S
20240315;100007;161.04;10;9853148392;B
20240315;100007;161.04;10;9853148718;B
20240315;100007;161.03;10;9853148793;S
20240315;100007;161.04;10;9853148794;B
20240315;100007;161.04;10;9853148808;B
20240315;100007;161.04;40;9853148824;B
20240315;100007;161.03;220;9853148971;S
20240315;100007;161.04;10;9853148972;B
20240315;100007;161.04;60;9853148975;B
20240315;100007;161.04;10;9853149105;B
20240315;100007;161.04;10;9853149110;B
20240315;100007;161.03;90;9853149117;S
20240315;100007;161.03;40;9853149124;S
20240315;100007;161.04;20;9853149129;B
20240315;100007;161.04;80;9853149133;B
20240315;100007;161.04;10;9853149175;B
20240315;100007;161.03;200;9853149229;S
20240315;100007;161.04;10;9853149232;B
20240315;100007;161.03;10;9853149235;S
20240315;100007;161.03;10;9853149240;S
20240315;100007;161.04;20;9853149245;B
20240315;100007;161.04;10;9853149334;B
20240315;100007;161.03;10;9853149339;S
20240315;100007;161.04;10;9853149341;B
20240315;100007;161.03;10;9853149900;S
20240315;100007;161.04;10;9853149901;B
20240315;100007;161.04;10;9853149902;B
20240315;100008;161.04;10;9853150386;B
20240315;100008;161.03;10;9853150391;S
20240315;100008;161.04;10;9853150398;B
20240315;100008;161.04;50;9853150507;B
20240315;100008;161.03;20;9853150526;S
20240315;100010;161.04;10;9853152057;B
20240315;100010;161.04;10;9853152114;B
20240315;100010;161.04;10;9853152127;B
20240315;100010;161.04;20;9853152191;B
20240315;100010;161.04;10;9853152253;B
20240315;100010;161.03;10;9853152343;S
20240315;100010;161.03;10;9853152385;S
20240315;100010;161.04;80;9853152403;B
20240315;100010;161.04;10;9853152406;B
20240315;100010;161.04;10;9853152408;B
20240315;100010;161.04;350;9853152574;B
20240315;100010;161.03;10;9853152579;S
20240315;100010;161.04;10;9853152828;B
20240315;100010;161.03;10;9853152833;S
20240315;100011;161.04;10;9853152935;B
20240315;100011;161.04;10;9853153029;B
20240315;100011;161.04;10;9853153034;B
20240315;100011;161.04;50;9853153045;B
20240315;100011;161.04;1130;9853153106;B
20240315;100011;161.04;160;9853153107;B
20240315;100011;161.04;1030;9853153108;B
20240315;100011;161.05;300;9853153110;S
20240315;100011;161.05;230;9853153111;B
20240315;100011;161.09;30;9853153132;B
20240315;100011;161.08;200;9853153154;S
20240315;100011;161.06;320;9853153155;S
20240315;100011;161.05;300;9853153156;S
20240315;100011;161.04;230;9853153157;S
20240315;100011;161.03;100;9853153158;S
20240315;100011;161.03;400;9853153159;S
20240315;100011;161.03;100;9853153160;S
20240315;100011;161.03;200;9853153161;S
20240315;100011;161.03;150;9853153162;S
20240315;100011;161.04;10;9853153263;S
20240315;100011;161.09;10;9853153364;B
20240315;100011;161.09;10;9853153420;B
20240315;100011;161.09;20;9853153474;B
20240315;100011;161.04;10;9853153486;S
20240315;100011;161.09;10;9853153532;B
20240315;100012;161.04;10;9853153620;S
20240315;100012;161.04;10;9853153841;S
20240315;100012;161.04;10;9853153857;S
20240315;100012;161.04;10;9853153860;S
20240315;100012;161.04;10;9853153878;S
20240315;100012;161.09;10;9853153893;B
20240315;100012;161.04;10;9853153921;S
20240315;100012;161.04;30;9853153999;S
20240315;100013;161.09;10;9853154071;B
20240315;100013;161.04;10;9853154085;S
20240315;100013;161.09;30;9853154146;B
20240315;100013;161.09;20;9853154241;B
20240315;100013;161.09;60;9853154257;B
20240315;100013;161.09;100;9853154258;B
20240315;100013;161.09;100;9853154261;B
20240315;100013;161.09;100;9853154263;B
20240315;100013;161.09;100;9853154265;B
20240315;100013;161.09;100;9853154267;B
20240315;100013;161.09;100;9853154269;B
20240315;100013;161.09;100;9853154271;B
20240315;100013;161.09;100;9853154273;B
20240315;100013;161.09;100;9853154274;B
20240315;100013;161.09;100;9853154279;B
20240315;100013;161.09;100;9853154282;B
20240315;100013;161.09;100;9853154285;B
20240315;100013;161.04;10;9853154287;S
20240315;100013;161.04;20;9853154308;S
20240315;100013;161.04;10;9853154310;S
20240315;100013;161.04;10;9853154327;S
20240315;100013;161.04;10;9853154337;S
20240315;100013;161.1;90;9853154364;B
20240315;100013;161.04;120;9853154527;S
20240315;100013;161.04;230;9853154528;S
20240315;100013;161.04;230;9853154529;S
20240315;100015;161.09;10;9853155086;B
20240315;100015;161.1;20;9853155520;B
20240315;100020;161.1;90;9853156575;B
20240315;100020;161.1;30;9853156576;B
20240315;100023;161.1;2000;9853157189;B
20240315;100023;161.1;20;9853157244;B
20240315;100025;161.09;1000;9853157571;B
20240315;100025;161.09;50;9853157585;B
20240315;100025;161.06;10;9853157709;S
20240315;100025;161.06;10;9853157710;S
20240315;100027;161.09;300;9853157915;B
20240315;100027;161.09;290;9853157916;B
20240315;100027;161.09;410;9853157917;B
20240315;100027;161.09;1000;9853157918;B
20240315;100028;161.1;10;9853158300;B
20240315;100029;161.09;10;9853158640;S
20240315;100031;161.1;100;9853158924;B
20240315;100032;161.1;200;9853159114;B
20240315;100033;161.09;190;9853159270;S
20240315;100033;161.09;130;9853159271;S
20240315;100034;161.09;670;9853159400;S
20240315;100034;161.09;600;9853159401;S
20240315;100034;161.08;230;9853159402;S
20240315;100034;161.07;1000;9853159413;B
20240315;100034;161.07;1000;9853159414;B
20240315;100034;161.07;170;9853159415;B
20240315;100035;161.09;130;9853159521;B
20240315;100036;161.09;20;9853159864;B
20240315;100037;161.07;830;9853159961;S
20240315;100037;161.07;500;9853159962;S
20240315;100037;161.06;280;9853159963;S
20240315;100037;161.04;1000;9853159964;S
20240315;100037;161.04;1000;9853159965;B
20240315;100037;161.04;700;9853159966;B
20240315;100037;161.04;200;9853159967;B
20240315;100037;161.04;490;9853159968;B
20240315;100037;161.05;290;9853159969;B
20240315;100038;161.08;300;9853160085;S
20240315;100038;161.08;10;9853160192;S
20240315;100039;161.09;10;9853160312;B
20240315;100039;161.08;10;9853160339;S
20240315;100040;161.09;1840;9853160622;B
20240315;100040;161.1;190;9853160623;B
20240315;100040;161.1;300;9853160624;B
20240315;100040;161.1;300;9853160625;B
20240315;100040;161.12;360;9853160626;B
20240315;100040;161.13;3190;9853160627;B
20240315;100040;161.13;850;9853160628;S
20240315;100040;161.13;1000;9853160629;B
20240315;100040;161.13;150;9853160630;B
20240315;100040;161.13;40;9853160631;S
20240315;100040;161.14;100;9853160632;B
20240315;100040;161.14;100;9853160633;B
20240315;100040;161.14;100;9853160634;B
20240315;100040;161.14;100;9853160636;B
20240315;100040;161.14;100;9853160637;B
20240315;100040;161.14;100;9853160638;B
20240315;100041;161.14;140;9853160675;B
20240315;100041;161.14;1000;9853160694;B
20240315;100041;161.15;10;9853160711;B
20240315;100041;161.15;90;9853160712;B
20240315;100041;161.15;360;9853160833;B
20240315;100041;161.15;1000;9853160834;B
20240315;100041;161.15;140;9853160835;B
20240315;100042;161.15;1000;9853160911;B
20240315;100042;161.15;1000;9853160912;B
20240315;100042;161.15;320;9853160913;B
20240315;100042;161.15;200;9853160914;B
20240315;100042;161.15;100;9853160915;B
20240315;100042;161.15;300;9853160916;B
20240315;100042;161.15;80;9853160917;B
20240315;100042;161.15;20;9853161080;S
20240315;100042;161.15;100;9853161081;S
20240315;100042;161.15;160;9853161082;S
20240315;100043;161.16;300;9853161341;B
20240315;100043;161.16;340;9853161342;B
20240315;100043;161.14;200;9853161500;S
20240315;100044;161.15;60;9853161683;B
20240315;100044;161.15;20;9853161838;B
20240315;100045;161.15;230;9853161960;B
20240315;100045;161.15;2170;9853161961;B
20240315;100045;161.16;360;9853161962;B
20240315;100045;161.16;1680;9853161963;B
20240315;100046;161.15;10;9853162148;B
20240315;100046;161.15;150;9853162272;B
20240315;100046;161.15;50;9853162273;B
20240315;100047;161.15;10;9853162411;B
20240315;100049;161.15;140;9853162670;B
20240315;100049;161.15;80;9853162671;B
20240315;100049;161.15;10;9853162672;B
20240315;100049;161.15;270;9853162673;B
20240315;100050;161.15;30;9853162955;B
20240315;100050;161.15;40;9853162963;B
20240315;100052;161.14;100;9853163141;S
20240315;100053;161.14;700;9853163309;S
20240315;100053;161.14;20;9853163310;S
20240315;100053;161.14;300;9853163311;S
20240315;100053;161.14;690;9853163312;S
20240315;100053;161.13;300;9853163313;S
20240315;100053;161.13;100;9853163314;S
20240315;100053;161.13;300;9853163315;S
20240315;100053;161.12;300;9853163316;S
20240315;100053;161.1;200;9853163317;B
20240315;100056;161.09;10;9853163946;S
20240315;100058;161.1;10;9853164239;B
20240315;100058;161.09;100;9853164271;S
20240315;100059;161.1;60;9853164608;B
20240315;100100;161.1;40;9853164780;B
20240315;100102;161.1;10;9853165253;B
20240315;100105;161.09;200;9853165630;S
20240315;100110;161.1;10;9853166280;B
20240315;100110;161.1;10;9853166346;B
20240315;100117;161.1;950;9853167398;B
20240315;100117;161.12;300;9853167399;B
20240315;100120;161.13;20;9853167877;B
20240315;100121;161.13;60;9853167989;B
20240315;100121;161.12;60;9853168041;S
20240315;100123;161.12;10;9853168324;S
20240315;100129;161.13;10;9853169157;B
20240315;100130;161.12;1300;9853169459;S
20240315;100130;161.13;100;9853169468;B
20240315;100141;161.13;120;9853171178;B
20240315;100143;161.13;10;9853171531;B
20240315;100146;161.12;50;9853172196;S
20240315;100146;161.12;500;9853172197;S
20240315;100146;161.12;290;9853172198;S
20240315;100146;161.12;100;9853172199;S
20240315;100148;161.12;60;9853172516;B
20240315;100148;161.13;1680;9853172517;B
20240315;100148;161.13;260;9853172518;B
20240315;100149;161.1;120;9853172713;S
20240315;100158;161.14;100;9853173949;B
20240315;100158;161.14;1510;9853173950;B
20240315;100159;161.14;490;9853173992;B
20240315;100159;161.14;100;9853173993;B
20240315;100159;161.15;250;9853173994;B
20240315;100159;161.15;500;9853173995;B
20240315;100159;161.15;200;9853173996;B
20240315;100200;161.16;1000;9853174207;B
20240315;100200;161.16;280;9853174208;B
20240315;100200;161.16;2000;9853174209;B
20240315;100200;161.17;1000;9853174210;B
20240315;100200;161.17;50;9853174211;B
20240315;100200;161.17;300;9853174212;B
20240315;100200;161.18;390;9853174213;B
20240315;100203;161.15;10;9853174672;S
20240315;100204;161.15;1420;9853175141;S
20240315;100207;161.15;20;9853175607;S
20240315;100208;161.17;1660;9853175752;B
20240315;100208;161.17;340;9853175797;B
20240315;100208;161.18;610;9853175798;B
20240315;100208;161.18;280;9853175799;B
20240315;100208;161.19;10;9853175800;B
20240315;100208;161.19;350;9853175801;B
20240315;100208;161.18;1000;9853175863;B
20240315;100208;161.18;510;9853175864;B
20240315;100210;161.15;280;9853176257;S
20240315;100210;161.15;220;9853176258;S
20240315;100213;161.18;20;9853176844;B
20240315;100215;161.18;1470;9853177515;B
20240315;100215;161.18;320;9853177516;B
20240315;100215;161.17;1710;9853177641;B
20240315;100215;161.17;290;9853177838;B
20240315;100215;161.18;680;9853177839;B
20240315;100215;161.18;660;9853177840;B
20240315;100216;161.17;10;9853177856;B
20240315;100216;161.17;1560;9853177893;B
20240315;100216;161.17;430;9853177929;B
20240315;100216;161.18;1060;9853177930;B
20240315;100216;161.17;300;9853177931;S
20240315;100219;161.17;10;9853178700;S
20240315;100219;161.18;750;9853178767;B
20240315;100220;161.18;40;9853178773;B
20240315;100220;161.18;30;9853178797;B
20240315;100220;161.18;40;9853178851;B
20240315;100221;161.19;250;9853179108;B
20240315;100222;161.19;100;9853179579;B
20240315;100224;161.18;300;9853179974;S
20240315;100224;161.18;290;9853179975;S
20240315;100228;161.18;50;9853180477;B
20240315;100228;161.18;10;9853180489;B
20240315;100230;161.17;20;9853180817;S
20240315;100230;161.17;80;9853180818;S
20240315;100230;161.18;350;9853180833;B
20240315;100230;161.18;350;9853180834;B
20240315;100230;161.18;290;9853180835;B
20240315;100230;161.18;300;9853180836;B
20240315;100230;161.18;350;9853180837;B
20240315;100230;161.19;300;9853180838;B
20240315;100230;161.19;560;9853180839;B
20240315;100237;161.18;120;9853182166;B
20240315;100238;161.18;10;9853182220;B
20240315;100240;161.19;10;9853182638;B
20240315;100240;161.19;10;9853182639;B
20240315;100240;161.16;200;9853182646;S
20240315;100249;161.18;120;9853183985;S
20240315;100250;161.19;50;9853184076;B
20240315;100250;161.19;40;9853184154;B
20240315;100251;161.19;330;9853184267;B
20240315;100251;161.19;1000;9853184268;B
20240315;100251;161.19;280;9853184269;B
20240315;100251;161.19;80;9853184270;B
20240315;100251;161.2;10;9853184281;B
20240315;100251;161.2;10;9853184282;B
20240315;100251;161.2;980;9853184283;B
20240315;100251;161.2;20;9853184285;B
20240315;100251;161.2;80;9853184286;B
20240315;100251;161.2;100;9853184287;B
20240315;100251;161.2;300;9853184289;B
20240315;100251;161.19;390;9853184309;B
20240315;100258;161.2;7110;9853185305;B
20240315;100258;161.2;6000;9853185306;B
20240315;100259;161.19;20;9853185530;S
20240315;100302;161.19;10;9853186075;S
20240315;100303;161.2;10;9853186178;B
20240315;100308;161.2;10;9853186774;B
20240315;100309;161.2;1000;9853186891;B
20240315;100314;161.2;500;9853187518;B
20240315;100315;161.2;10;9853187613;B
20240315;100317;161.19;30;9853188006;S
20240315;100319;161.2;4880;9853188194;B
20240315;100319;161.2;2000;9853188195;B
20240315;100319;161.2;10;9853188196;B
20240315;100319;161.2;1000;9853188197;B
20240315;100319;161.2;10;9853188198;B
20240315;100319;161.2;40;9853188199;B
20240315;100319;161.2;500;9853188200;B
20240315;100319;161.2;280;9853188201;B
20240315;100319;161.21;10;9853188202;B
20240315;100319;161.21;360;9853188203;S
20240315;100326;161.21;10;9853189368;S
20240315;100326;161.22;20;9853189518;B
20240315;100328;161.21;10;9853189790;S
20240315;100331;161.22;20;9853190275;B
20240315;100334;161.22;20;9853190481;B
20240315;100334;161.22;600;9853190486;B
20240315;100336;161.22;10;9853190737;B
20240315;100337;161.21;10;9853190871;S
20240315;100341;161.22;10;9853191338;B
20240315;100343;161.22;200;9853191560;B
20240315;100345;161.22;20;9853191802;B
20240315;100348;161.22;20;9853192061;B
20240315;100348;161.22;10;9853192120;B
20240315;100356;161.22;60;9853193090;B
20240315;100356;161.21;200;9853193160;S
20240315;100358;161.22;10;9853193301;B
20240315;100358;161.22;2000;9853193302;B
20240315;100358;161.22;60;9853193303;B
20240315;100358;161.22;10;9853193304;B
20240315;100358;161.23;100;9853193305;B
20240315;100358;161.23;2820;9853193306;B
20240315;100358;161.22;860;9853193307;B
20240315;100358;161.22;10;9853193378;B
20240315;100401;161.22;10;9853193654;B
20240315;100402;161.21;50;9853193744;S
20240315;100404;161.22;10;9853194013;B
20240315;100404;161.22;20;9853194042;B
20240315;100405;161.22;1090;9853194204;B
20240315;100405;161.22;250;9853194205;B
20240315;100405;161.23;320;9853194206;B
20240315;100406;161.22;1000;9853194289;B
20240315;100406;161.22;1000;9853194293;B
20240315;100406;161.23;590;9853194294;B
20240315;100406;161.23;1270;9853194325;B
20240315;100406;161.23;250;9853194326;B
20240315;100407;161.23;10;9853194466;B
20240315;100407;161.23;690;9853194467;B
20240315;100407;161.24;200;9853194491;B
20240315;100407;161.25;10;9853194530;B
20240315;100407;161.25;170;9853194531;B
20240315;100411;161.26;10;9853195017;B
20240315;100411;161.26;40;9853195018;B
20240315;100411;161.26;10;9853195082;B
20240315;100412;161.26;20;9853195109;B
20240315;100413;161.25;10;9853195252;S
20240315;100418;161.25;20;9853195849;S
20240315;100418;161.26;20;9853195859;B
20240315;100419;161.26;200;9853195919;B
20240315;100419;161.26;20;9853195920;B
20240315;100419;161.26;780;9853195921;B
20240315;100419;161.26;1220;9853195922;B
20240315;100419;161.26;500;9853195923;B
20240315;100419;161.27;10;9853195924;B
20240315;100419;161.27;50;9853195925;B
20240315;100419;161.28;1400;9853195926;B
20240315;100419;161.28;60;9853195927;B
20240315;100419;161.28;60;9853195928;B
20240315;100419;161.28;60;9853195929;B
20240315;100419;161.28;100;9853195930;B
20240315;100419;161.28;200;9853195939;B
20240315;100419;161.27;500;9853195946;S
20240315;100419;161.28;800;9853195947;B
20240315;100419;161.28;10;9853195978;B
20240315;100420;161.28;100;9853196072;B
20240315;100420;161.28;100;9853196085;B
20240315;100422;161.27;10;9853196201;S
20240315;100422;161.28;120;9853196236;B
20240315;100422;161.28;50;9853196274;B
20240315;100422;161.28;7040;9853196314;B
20240315;100422;161.28;70;9853196315;B
20240315;100423;161.28;10;9853196374;B
20240315;100423;161.28;50;9853196400;B
20240315;100423;161.28;70;9853196436;B
20240315;100423;161.29;60;9853196437;B
20240315;100424;161.29;4940;9853196493;B
20240315;100424;161.29;50;9853196494;B
20240315;100424;161.3;10;9853196545;B
20240315;100424;161.3;10;9853196546;B
20240315;100424;161.3;10;9853196547;B
20240315;100424;161.3;200;9853196548;B
20240315;100424;161.3;100;9853196549;B
20240315;100424;161.3;6780;9853196550;B
20240315;100424;161.3;7110;9853196564;B
20240315;100425;161.29;50;9853196618;S
20240315;100425;161.3;50;9853196657;B
20240315;100425;161.3;6060;9853196670;B
20240315;100425;161.3;50;9853196671;B
20240315;100425;161.3;60;9853196672;B
20240315;100425;161.3;40;9853196673;B
20240315;100425;161.32;20;9853196674;B
20240315;100425;161.35;10;9853196675;B
20240315;100425;161.35;10;9853196676;B
20240315;100425;161.36;100;9853196677;B
20240315;100425;161.36;10;9853196696;S
20240315;100426;161.37;50;9853196745;B
20240315;100426;161.37;50;9853196746;B
20240315;100426;161.37;50;9853196747;B
20240315;100426;161.37;40;9853196748;B
20240315;100426;161.37;70;9853196749;B
20240315;100426;161.37;540;9853196750;B
20240315;100426;161.37;1000;9853196751;B
20240315;100426;161.37;680;9853196752;B
20240315;100426;161.37;1300;9853196753;B
20240315;100426;161.37;300;9853196754;B
20240315;100426;161.37;1180;9853196755;B
20240315;100426;161.37;1500;9853196756;B
20240315;100426;161.37;500;9853196757;B
20240315;100426;161.37;390;9853196758;B
20240315;100426;161.37;2700;9853196759;B
20240315;100426;161.37;910;9853196760;B
20240315;100426;161.37;90;9853196761;B
20240315;100426;161.37;110;9853196762;B
20240315;100426;161.37;2000;9853196763;B
20240315;100426;161.38;1080;9853196773;B
20240315;100426;161.38;100;9853196778;B
20240315;100426;161.38;120;9853196779;B
20240315;100426;161.37;590;9853196790;S
20240315;100426;161.37;1000;9853196791;S
20240315;100426;161.37;410;9853196792;S
20240315;100426;161.37;500;9853196793;S
20240315;100426;161.38;320;9853196830;B
20240315;100427;161.38;700;9853196857;B
20240315;100427;161.38;500;9853196858;B
20240315;100427;161.38;500;9853196859;B
20240315;100427;161.38;1790;9853196860;B
20240315;100427;161.38;1000;9853196861;B
20240315;100427;161.38;1000;9853196862;B
20240315;100427;161.38;1000;9853196863;B
20240315;100427;161.38;1000;9853196864;B
20240315;100427;161.38;1000;9853196865;B
20240315;100427;161.38;1000;9853196866;B
20240315;100427;161.38;1000;9853196867;B
20240315;100427;161.38;1000;9853196868;B
20240315;100427;161.38;1000;9853196869;B
20240315;100427;161.38;1000;9853196870;B
20240315;100427;161.38;10;9853196944;B
20240315;100427;161.38;350;9853196976;B
20240315;100428;161.38;20;9853197085;B
20240315;100429;161.38;7110;9853197357;B
20240315;100429;161.38;6400;9853197377;B
20240315;100429;161.38;710;9853197378;B
20240315;100430;161.38;1500;9853197432;B
20240315;100430;161.38;1500;9853197434;B
20240315;100431;161.38;1110;9853197511;B
20240315;100431;161.38;10;9853197559;B
20240315;100431;161.38;30;9853197561;B
20240315;100431;161.38;30;9853197601;B
20240315;100431;161.38;10;9853197602;B
20240315;100434;161.38;10;9853197902;B
20240315;100434;161.38;900;9853197934;B
20240315;100434;161.38;810;9853197935;B
20240315;100434;161.38;1370;9853197958;B
20240315;100435;161.38;10;9853198134;B
20240315;100437;161.38;10;9853198276;B
20240315;100437;161.38;10;9853198318;B
20240315;100437;161.38;880;9853198362;B
20240315;100437;161.38;480;9853198363;B
20240315;100437;161.38;1500;9853198364;B
20240315;100437;161.37;680;9853198366;S
20240315;100437;161.37;320;9853198367;S
20240315;100438;161.38;130;9853198378;B
20240315;100438;161.38;260;9853198379;B
20240315;100438;161.37;10;9853198472;S
20240315;100440;161.37;470;9853198624;S
20240315;100440;161.37;2200;9853198625;S
20240315;100440;161.37;2160;9853198626;S
20240315;100440;161.37;100;9853198627;S
20240315;100440;161.37;300;9853198628;S
20240315;100440;161.37;280;9853198629;S
20240315;100440;161.37;950;9853198630;S
20240315;100440;161.37;10;9853198656;S
20240315;100440;161.38;810;9853198728;B
20240315;100442;161.38;200;9853199005;B
20240315;100443;161.38;80;9853199103;B
20240315;100444;161.38;1000;9853199153;B
20240315;100444;161.38;20;9853199196;B
20240315;100444;161.38;20;9853199214;B
20240315;100445;161.38;10;9853199265;B
20240315;100445;161.38;610;9853199279;B
20240315;100445;161.38;920;9853199310;B
20240315;100447;161.37;130;9853199529;S
20240315;100447;161.38;200;9853199543;B
20240315;100447;161.38;10;9853199560;B
20240315;100447;161.37;100;9853199566;S
20240315;100447;161.37;100;9853199591;S
20240315;100447;161.38;20;9853199592;B
20240315;100448;161.37;100;9853199598;S
20240315;100448;161.37;100;9853199609;S
20240315;100449;161.38;80;9853199879;B
20240315;100450;161.38;90;9853200065;B
20240315;100452;161.37;20;9853200363;S
20240315;100452;161.38;140;9853200388;B
20240315;100452;161.38;200;9853200437;B
20240315;100453;161.37;80;9853200464;S
20240315;100453;161.37;470;9853200465;S
20240315;100453;161.37;450;9853200466;S
20240315;100454;161.37;650;9853200600;S
20240315;100454;161.37;350;9853200601;S
20240315;100454;161.38;20;9853200751;B
20240315;100456;161.38;7110;9853201047;B
20240315;100456;161.38;290;9853201051;B
20240315;100457;161.38;140;9853201163;B
20240315;100457;161.38;10;9853201167;B
20240315;100458;161.38;5750;9853201201;B
20240315;100458;161.38;1360;9853201202;B
20240315;100458;161.38;7110;9853201203;B
20240315;100458;161.37;20;9853201218;S
20240315;100458;161.37;80;9853201219;S
20240315;100458;161.38;170;9853201310;B
20240315;100459;161.38;10;9853201345;B
20240315;100500;161.38;10;9853201412;B
20240315;100500;161.38;3000;9853201589;B
20240315;100500;161.38;80;9853201590;B
20240315;100501;161.38;10;9853201663;B
20240315;100503;161.37;30;9853201923;S
20240315;100504;161.38;80;9853201978;B
20240315;100504;161.38;10;9853202063;B
20240315;100505;161.38;100;9853202081;B
20240315;100505;161.38;10;9853202124;B
20240315;100505;161.37;10;9853202125;S
20240315;100506;161.38;180;9853202155;B
20240315;100506;161.38;1000;9853202156;B
20240315;100506;161.38;2000;9853202157;B
20240315;100506;161.38;100;9853202158;B
20240315;100506;161.38;1000;9853202159;B
20240315;100506;161.38;2000;9853202160;B
20240315;100506;161.38;1000;9853202161;B
20240315;100506;161.38;1000;9853202162;B
20240315;100506;161.38;1000;9853202164;B
20240315;100506;161.38;1000;9853202165;B
20240315;100506;161.38;1000;9853202166;B
20240315;100506;161.38;1000;9853202167;B
20240315;100506;161.38;1000;9853202168;B
20240315;100506;161.38;1000;9853202170;B
20240315;100506;161.38;20;9853202179;B
20240315;100506;161.37;10;9853202233;S
20240315;100506;161.37;90;9853202234;S
20240315;100507;161.37;410;9853202378;S
20240315;100507;161.37;500;9853202379;S
20240315;100507;161.37;500;9853202380;S
20240315;100507;161.37;550;9853202381;S
20240315;100507;161.37;770;9853202382;S
20240315;100510;161.38;2000;9853202749;B
20240315;100512;161.38;30;9853202929;B
20240315;100512;161.37;60;9853202950;S
20240315;100512;161.38;20;9853202990;B
20240315;100513;161.38;30;9853203021;B
20240315;100513;161.38;670;9853203022;B
20240315;100513;161.38;230;9853203023;B
20240315;100513;161.37;1000;9853203071;S
20240315;100519;161.38;200;9853203746;B
20240315;100519;161.38;200;9853203747;B
20240315;100519;161.38;200;9853203748;B
20240315;100519;161.38;200;9853203749;B
20240315;100519;161.38;200;9853203750;B
20240315;100519;161.38;200;9853203751;B
20240315;100519;161.38;200;9853203753;B
20240315;100519;161.38;200;9853203756;B
20240315;100519;161.38;200;9853203757;B
20240315;100519;161.38;200;9853203758;B
20240315;100519;161.38;200;9853203759;B
20240315;100519;161.38;200;9853203760;B
20240315;100519;161.38;200;9853203761;B
20240315;100519;161.38;400;9853203854;B
20240315;100521;161.38;10;9853204219;B
20240315;100523;161.37;30;9853204497;S
20240315;100525;161.37;1000;9853204783;S
20240315;100526;161.38;10;9853205050;B
20240315;100528;161.38;2270;9853205238;B
20240315;100529;161.38;500;9853205330;B
20240315;100531;161.37;100;9853205647;S
20240315;100531;161.38;2980;9853205671;B
20240315;100531;161.38;100;9853205672;B
20240315;100531;161.38;100;9853205673;B
20240315;100531;161.38;20;9853205674;B
20240315;100531;161.38;1400;9853205675;B
20240315;100531;161.38;30;9853205676;B
20240315;100531;161.38;70;9853205677;B
20240315;100531;161.38;20;9853205678;B
20240315;100531;161.38;40;9853205679;B
20240315;100531;161.38;30;9853205680;B
20240315;100531;161.38;40;9853205681;B
20240315;100531;161.38;10;9853205682;B
20240315;100531;161.38;30;9853205683;B
20240315;100531;161.38;30;9853205684;B
20240315;100535;161.39;10;9853206146;B
20240315;100536;161.39;200;9853206294;B
20240315;100538;161.39;150;9853206785;B
20240315;100539;161.39;1090;9853206894;B
20240315;100539;161.39;360;9853206968;B
20240315;100540;161.39;10;9853207134;B
20240315;100541;161.38;90;9853207324;S
20240315;100541;161.39;10;9853207373;B
20240315;100541;161.39;180;9853207400;B
20240315;100541;161.39;60;9853207401;B
20240315;100541;161.39;100;9853207402;B
20240315;100542;161.4;10;9853207594;B
20240315;100542;161.4;200;9853207595;B
20240315;100542;161.4;10;9853207596;B
20240315;100542;161.4;170;9853207597;B
20240315;100542;161.4;500;9853207598;B
20240315;100542;161.4;50;9853207599;B
20240315;100542;161.4;50;9853207600;B
20240315;100542;161.4;100;9853207601;B
20240315;100542;161.4;210;9853207602;B
20240315;100542;161.4;10;9853207630;B
20240315;100543;161.39;660;9853207765;S
20240315;100543;161.39;340;9853207766;S
20240315;100550;161.39;30;9853208988;S
20240315;100550;161.4;40;9853209008;B
20240315;100551;161.4;190;9853209251;B
20240315;100551;161.4;310;9853209252;B
20240315;100554;161.4;910;9853209688;B
20240315;100554;161.4;780;9853209759;B
20240315;100554;161.4;50;9853209760;B
20240315;100554;161.4;10;9853209761;B
20240315;100554;161.4;40;9853209762;B
20240315;100554;161.4;30;9853209763;B
20240315;100554;161.4;2000;9853209764;S
20240315;100554;161.4;10;9853209770;S
20240315;100554;161.41;20;9853209864;B
20240315;100554;161.41;100;9853209871;B
20240315;100555;161.41;10;9853209986;B
20240315;100555;161.4;990;9853209990;S
20240315;100555;161.4;1000;9853209991;S
20240315;100555;161.4;1000;9853209992;S
20240315;100555;161.4;500;9853209993;S
20240315;100555;161.4;500;9853209994;S
20240315;100555;161.4;200;9853209995;S
20240315;100555;161.4;500;9853209996;S
20240315;100555;161.4;1480;9853209997;S
20240315;100555;161.4;250;9853209998;S
20240315;100556;161.4;10;9853210109;S
20240315;100557;161.4;40;9853210198;S
20240315;100558;161.4;10;9853210262;S
20240315;100558;161.41;90;9853210292;B
20240315;100558;161.4;750;9853210381;S
20240315;100558;161.4;130;9853210382;S
20240315;100559;161.41;80;9853210486;B
20240315;100600;161.41;50;9853210686;B
20240315;100602;161.4;110;9853210987;S
20240315;100602;161.4;10;9853210988;S
20240315;100602;161.4;10;9853210989;S
20240315;100602;161.39;340;9853210993;S
20240315;100605;161.4;200;9853211704;B
20240315;100605;161.39;1280;9853211759;S
20240315;100608;161.4;10;9853212245;B
20240315;100608;161.4;110;9853212332;B
20240315;100610;161.39;20;9853212602;S
20240315;100612;161.4;20;9853212926;B
20240315;100614;161.4;20;9853213204;B
20240315;100615;161.4;10;9853213311;B
20240315;100616;161.4;10;9853213506;B
20240315;100617;161.4;150;9853213572;B
20240315;100617;161.4;1000;9853213573;B
20240315;100617;161.4;50;9853213574;B
20240315;100617;161.41;1000;9853213575;B
20240315;100617;161.41;1000;9853213576;B
20240315;100617;161.41;10;9853213577;B
20240315;100617;161.41;10;9853213578;B
20240315;100617;161.41;10;9853213579;B
20240315;100617;161.41;1050;9853213580;B
20240315;100617;161.42;10;9853213649;B
20240315;100618;161.41;1910;9853213717;S
20240315;100618;161.41;1000;9853213718;S
20240315;100618;161.39;3360;9853213719;S
20240315;100618;161.39;20;9853213720;S
20240315;100618;161.39;10;9853213741;B
20240315;100618;161.39;30;9853213774;B
20240315;100619;161.38;10;9853213815;S
20240315;100620;161.39;100;9853213944;B
20240315;100623;161.39;10;9853214421;B
20240315;100626;161.39;10;9853214859;B
20240315;100626;161.38;30;9853214929;S
20240315;100628;161.38;170;9853215083;S
20240315;100628;161.38;10;9853215084;S
20240315;100628;161.37;2810;9853215085;S
20240315;100628;161.37;2010;9853215086;S
20240315;100628;161.37;80;9853215087;S
20240315;100630;161.37;20;9853215542;S
20240315;100633;161.38;10;9853216062;B
20240315;100633;161.37;30;9853216140;S
20240315;100635;161.37;20;9853216285;S
20240315;100638;161.37;50;9853216676;S
20240315;100640;161.37;10;9853216843;S
20240315;100641;161.38;260;9853217073;B
20240315;100641;161.38;240;9853217074;B
20240315;100641;161.37;90;9853217104;S
20240315;100645;161.38;20;9853217541;B
20240315;100649;161.38;900;9853218046;B
20240315;100649;161.37;40;9853218135;S
20240315;100653;161.37;2650;9853218559;S
20240315;100653;161.37;10;9853218560;S
20240315;100653;161.37;10;9853218561;S
20240315;100653;161.37;2160;9853218562;S
20240315;100653;161.36;20;9853218563;S
20240315;100653;161.36;500;9853218564;S
20240315;100653;161.35;100;9853218565;S
20240315;100653;161.35;1450;9853218566;S
20240315;100653;161.35;300;9853218567;S
20240315;100653;161.32;250;9853218568;S
20240315;100653;161.3;800;9853218569;S
20240315;100653;161.3;800;9853218570;S
20240315;100653;161.29;1000;9853218571;S
20240315;100653;161.29;10;9853218572;S
20240315;100653;161.29;300;9853218573;S
20240315;100653;161.28;1000;9853218574;S
20240315;100653;161.27;250;9853218575;S
20240315;100653;161.27;1000;9853218576;S
20240315;100653;161.27;230;9853218577;S
20240315;100653;161.27;8000;9853218578;S
20240315;100653;161.26;1000;9853218579;S
20240315;100653;161.26;8000;9853218580;S
20240315;100653;161.26;8000;9853218581;S
20240315;100653;161.26;230;9853218582;S
20240315;100653;161.25;500;9853218583;S
20240315;100653;161.25;1000;9853218584;S
20240315;100653;161.25;230;9853218585;S
20240315;100653;161.24;1000;9853218586;S
20240315;100653;161.24;230;9853218587;S
20240315;100653;161.24;8000;9853218588;S
20240315;100653;161.23;1000;9853218589;S
20240315;100653;161.23;230;9853218590;S
20240315;100653;161.22;1000;9853218591;S
20240315;100653;161.22;230;9853218592;S
20240315;100653;161.21;10;9853218593;S
20240315;100653;161.21;1000;9853218594;S
20240315;100653;161.21;230;9853218595;S
20240315;100653;161.2;2510;9853218596;S
20240315;100653;161.2;230;9853218597;S
20240315;100653;161.2;20;9853218598;S
20240315;100653;161.2;1000;9853218599;S
20240315;100653;161.19;30;9853218600;S
20240315;100653;161.19;30;9853218601;S
20240315;100653;161.19;30;9853218602;S
20240315;100653;161.19;190;9853218603;S
20240315;100653;161.19;230;9853218604;S
20240315;100653;161.19;1000;9853218605;S
20240315;100653;161.19;6000;9853218606;S
20240315;100653;161.18;880;9853218607;S
20240315;100653;161.18;10;9853218608;S
20240315;100653;161.18;50;9853218609;S
20240315;100653;161.18;230;9853218610;S
20240315;100653;161.18;1000;9853218611;S
20240315;100653;161.14;1000;9853218612;S
20240315;100653;161.14;6000;9853218613;S
20240315;100653;161.13;310;9853218614;S
20240315;100653;161.13;50;9853218615;S
20240315;100653;161.12;10;9853218616;S
20240315;100653;161.1;90;9853218617;S
20240315;100653;161.1;50;9853218618;S
20240315;100653;161.1;50;9853218619;S
20240315;100653;161.1;10;9853218620;S
20240315;100653;161.1;30;9853218621;S
20240315;100653;161.1;200;9853218622;S
20240315;100653;161.08;70;9853218623;S
20240315;100653;161.05;50;9853218624;S
20240315;100653;161.03;1160;9853218625;S
20240315;100653;161.02;30;9853218626;S
20240315;100653;161.02;20;9853218627;S
20240315;100653;161.02;60;9853218628;S
20240315;100653;161.02;10;9853218629;S
20240315;100653;161.02;1870;9853218630;S
20240315;100653;161.02;1000;9853218631;S
20240315;100653;161.02;1000;9853218632;S
20240315;100653;161.01;30;9853218633;S
20240315;100653;161.01;20;9853218634;S
20240315;100653;161.01;110;9853218635;S
20240315;100653;161.01;1010;9853218636;S
20240315;100653;161.01;310;9853218637;S
20240315;100653;161.01;300;9853218638;S
20240315;100653;161.01;10;9853218639;S
20240315;100653;161.01;350;9853218640;S
20240315;100653;161.01;4000;9853218641;S
20240315;100653;161.01;1870;9853218642;S
20240315;100653;161.01;2000;9853218643;S
20240315;100653;161;300;9853218644;S
20240315;100653;161;10;9853218645;S
20240315;100653;161;20;9853218646;S
20240315;100653;161;20;9853218647;S
20240315;100653;161;10400;9853218648;S
20240315;100653;161.05;100;9853218652;S
20240315;100653;161.16;100;9853218653;B
20240315;100653;161.14;800;9853218657;B
20240315;100653;161.16;1020;9853218658;B
20240315;100653;161.16;10;9853218697;B
20240315;100653;161.13;10;9853218714;S
20240315;100653;161.13;200;9853218718;S
20240315;100653;161.16;800;9853218739;B
20240315;100653;161.16;10;9853218776;B
20240315;100654;161.13;20;9853218820;S
20240315;100654;161.13;40;9853218821;S
20240315;100655;161.16;800;9853218979;B
20240315;100657;161.15;800;9853219228;S
20240315;100658;161.16;40;9853219379;B
20240315;100658;161.16;650;9853219401;B
20240315;100700;161.16;20;9853219709;B
20240315;100702;161.16;280;9853219920;B
20240315;100702;161.16;130;9853219921;B
20240315;100702;161.16;450;9853219922;B
20240315;100706;161.16;10;9853220493;B
20240315;100707;161.15;130;9853220703;S
20240315;100709;161.16;60;9853220854;B
20240315;100713;161.15;20;9853221731;S
20240315;100715;161.16;190;9853221986;B
20240315;100715;161.15;90;9853222016;S
20240315;100715;161.15;50;9853222044;S
20240315;100716;161.16;10;9853222240;B
20240315;100719;161.15;120;9853222543;S
20240315;100719;161.15;20;9853222548;S
20240315;100720;161.15;10;9853222659;S
20240315;100722;161.16;990;9853222992;B
20240315;100723;161.17;2580;9853223227;B
20240315;100725;161.16;20;9853223549;S
20240315;100727;161.17;10;9853223768;B
20240315;100729;161.16;3990;9853223973;S
20240315;100729;161.16;390;9853223974;S
20240315;100730;161.17;180;9853224051;B
20240315;100733;161.17;40;9853224462;B
20240315;100734;161.17;200;9853224514;B
20240315;100735;161.17;20;9853224599;B
20240315;100736;161.16;50;9853224794;S
20240315;100741;161.17;60;9853225447;B
20240315;100742;161.16;20;9853225609;S
20240315;100744;161.17;80;9853225882;B
20240315;100746;161.17;140;9853226248;B
20240315;100748;161.17;10;9853226439;B
20240315;100749;161.17;220;9853226560;B
20240315;100750;161.17;260;9853226703;B
20240315;100750;161.17;800;9853226704;B
20240315;100750;161.17;2000;9853226705;B
20240315;100751;161.18;100;9853226866;B
20240315;100751;161.18;100;9853226876;B
20240315;100752;161.18;1800;9853227019;B
20240315;100752;161.19;200;9853227020;B
20240315;100752;161.18;1000;9853227021;S
20240315;100752;161.18;1000;9853227022;S
20240315;100755;161.18;440;9853227387;S
20240315;100755;161.19;1000;9853227400;B
20240315;100756;161.18;560;9853227526;S
20240315;100756;161.18;100;9853227527;S
20240315;100756;161.18;300;9853227528;S
20240315;100756;161.17;1540;9853227529;S
20240315;100758;161.17;30;9853227760;S
20240315;100802;161.19;10;9853228175;B
20240315;100803;161.18;10;9853228421;S
20240315;100804;161.18;20;9853228512;S
20240315;100804;161.19;20;9853228556;B
20240315;100808;161.18;500;9853229070;S
20240315;100811;161.19;10;9853229498;B
20240315;100813;161.19;10;9853229704;B
20240315;100813;161.19;10;9853229723;B
20240315;100817;161.19;10;9853230265;B
20240315;100818;161.18;200;9853230301;S
20240315;100818;161.18;200;9853230302;S
20240315;100818;161.18;200;9853230303;S
20240315;100818;161.18;250;9853230304;S
20240315;100818;161.17;150;9853230305;S
20240315;100818;161.17;180;9853230352;S
20240315;100818;161.17;1240;9853230353;S
20240315;100818;161.17;30;9853230354;S
20240315;100818;161.17;10;9853230355;S
20240315;100818;161.17;10;9853230356;S
20240315;100818;161.17;10;9853230357;S
20240315;100818;161.17;10;9853230358;S
20240315;100818;161.17;250;9853230359;S
20240315;100818;161.16;50;9853230360;S
20240315;100818;161.16;100;9853230361;S
20240315;100818;161.15;10;9853230362;S
20240315;100818;161.15;10;9853230363;S
20240315;100818;161.13;10;9853230366;S
20240315;100818;161.13;60;9853230367;S
20240315;100818;161.11;10;9853230368;S
20240315;100818;161.11;100;9853230369;S
20240315;100818;161.11;390;9853230383;B
20240315;100818;161.11;100;9853230384;B
20240315;100818;161.11;100;9853230385;B
20240315;100818;161.11;100;9853230386;B
20240315;100818;161.11;580;9853230387;B
20240315;100818;161.11;300;9853230388;B
20240315;100818;161.11;1000;9853230389;B
20240315;100818;161.11;800;9853230390;B
20240315;100818;161.11;1000;9853230391;B
20240315;100818;161.11;1000;9853230392;B
20240315;100818;161.12;20;9853230393;B
20240315;100818;161.11;200;9853230397;S
20240315;100818;161.11;100;9853230401;S
20240315;100818;161.11;500;9853230402;S
20240315;100818;161.11;800;9853230403;S
20240315;100818;161.11;800;9853230404;S
20240315;100818;161.11;80;9853230405;S
20240315;100818;161.11;20;9853230424;B
20240315;100818;161.1;100;9853230460;S
20240315;100818;161.1;410;9853230461;S
20240315;100818;161.1;50;9853230462;S
20240315;100818;161.09;10;9853230465;S
20240315;100818;161.09;50;9853230466;S
20240315;100818;161.09;440;9853230467;S
20240315;100818;161.09;200;9853230468;S
20240315;100818;161.09;40;9853230478;S
20240315;100819;161.08;300;9853230479;S
20240315;100819;161.08;200;9853230480;S
20240315;100819;161.08;100;9853230481;S
20240315;100819;161.08;100;9853230482;S
20240315;100819;161.08;300;9853230483;S
20240315;100819;161.07;10;9853230565;S
20240315;100819;161.05;10;9853230566;S
20240315;100819;161.05;100;9853230567;S
20240315;100819;161.05;10;9853230568;S
20240315;100819;161.03;50;9853230569;S
20240315;100819;161.03;50;9853230570;S
20240315;100819;161.03;60;9853230571;S
20240315;100819;161.03;10;9853230572;S
20240315;100819;161.03;230;9853230573;S
20240315;100819;161.03;60;9853230574;S
20240315;100819;161.03;150;9853230575;S
20240315;100819;161.03;10;9853230576;S
20240315;100819;161.02;100;9853230577;S
20240315;100819;161.02;300;9853230578;S
20240315;100819;161.02;3800;9853230579;S
20240315;100819;161.02;50;9853230580;S
20240315;100819;161.02;60;9853230581;S
20240315;100819;161.02;1360;9853230582;S
20240315;100819;161.01;400;9853230583;S
20240315;100819;161.01;1000;9853230584;S
20240315;100819;161.01;800;9853230585;S
20240315;100819;161.01;530;9853230586;S
20240315;100819;161.01;8000;9853230590;S
20240315;100819;161.01;1470;9853230592;S
20240315;100819;161.01;10;9853230593;S
20240315;100819;161.01;10;9853230594;S
20240315;100819;161.01;210;9853230595;S
20240315;100819;161.01;900;9853230596;S
20240315;100819;161;80;9853230597;S
20240315;100819;161.01;70;9853230600;B
20240315;100819;161;8000;9853230601;S
20240315;100819;161;8000;9853230602;S
20240315;100819;161;8000;9853230603;S
20240315;100819;161;8000;9853230605;S
20240315;100819;161;8000;9853230607;S
20240315;100819;161;8000;9853230611;S
20240315;100820;161.01;40;9853230662;B
20240315;100820;161;1000;9853230700;S
20240315;100820;161.01;140;9853230741;B
20240315;100824;161;300;9853231142;S
20240315;100824;161;200;9853231143;S
20240315;100824;161;100;9853231145;S
20240315;100824;161;100;9853231146;S
20240315;100824;161;100;9853231147;S
20240315;100824;161;100;9853231148;S
20240315;100824;161;100;9853231149;S
20240315;100824;161;200;9853231150;S
20240315;100824;161;100;9853231151;S
20240315;100824;161.01;10;9853231188;B
20240315;100825;161;40;9853231308;S
20240315;100828;161;5000;9853231738;S
20240315;100832;161.01;540;9853232168;B
20240315;100832;161.01;460;9853232169;B
20240315;100832;161.01;10;9853232225;B
20240315;100832;161.01;10;9853232287;B
20240315;100833;161.01;30;9853232355;B
20240315;100836;161.01;10;9853232734;B
20240315;100838;161;7110;9853232902;S
20240315;100838;161;7040;9853232903;S
20240315;100840;161.01;480;9853233124;B
20240315;100840;161.01;520;9853233125;B
20240315;100846;161.01;2000;9853233777;B
20240315;100846;161.01;300;9853233778;B
20240315;100846;161.01;200;9853233779;B
20240315;100846;161.01;50;9853233780;B
20240315;100846;161.01;1450;9853233781;B
20240315;100847;161;500;9853233887;S
20240315;100847;161;8000;9853233888;S
20240315;100848;161.01;10;9853234129;B
20240315;100850;161.01;10;9853234273;B
20240315;100851;161.01;10;9853234551;B
20240315;100852;161;4760;9853234767;S
20240315;100853;161.01;10;9853234936;B
20240315;100856;161.01;2000;9853235302;B
20240315;100856;161.01;100;9853235316;B
20240315;100857;161.01;10;9853235415;B
20240315;100859;161;4760;9853235719;S
20240315;100859;161;40;9853235739;S
20240315;100859;161;1170;9853235763;S
20240315;100900;161;1170;9853235836;S
20240315;100900;161;20;9853235852;S
20240315;100900;161;10;9853235903;S
20240315;100901;161.01;100;9853236112;B
20240315;100902;161;400;9853236276;S
20240315;100902;161.01;40;9853236337;B
20240315;100904;161;3500;9853236488;S
20240315;100904;161.01;200;9853236538;B
20240315;100908;161;200;9853236849;S
20240315;100909;161;40;9853237065;S
20240315;100909;161.01;70;9853237089;B
20240315;100914;161.01;90;9853237701;B
20240315;100914;161.01;900;9853237702;B
20240315;100914;161;90;9853237760;S
20240315;100914;161.01;100;9853237768;B
20240315;100915;161;40;9853237930;S
20240315;100915;161;20;9853237935;S
20240315;100918;161.01;1000;9853238221;B
20240315;100919;161;2650;9853238378;S
20240315;100919;161.01;160;9853238379;B
20240315;100919;161;80;9853238413;S
20240315;100921;161;13600;9853238667;S
20240315;100922;161.01;10;9853238710;B
20240315;100930;161.01;200;9853240087;B
20240315;100930;161.01;250;9853240088;B
20240315;100931;161.01;30;9853240175;B
20240315;100938;161;10;9853241194;S
20240315;100938;161;20;9853241198;S
20240315;100938;161.01;100;9853241261;B
20240315;100944;161;1750;9853241907;S
20240315;100949;161;10;9853242436;S
20240315;100949;161.01;1170;9853242460;B
20240315;100949;161.01;200;9853242461;B
20240315;100949;161.01;1000;9853242462;B
20240315;100949;161.01;2000;9853242463;B
20240315;100949;161.01;10;9853242464;B
20240315;100949;161.01;200;9853242465;B
20240315;100949;161.01;420;9853242466;B
20240315;100950;161.01;30;9853242699;B
20240315;100951;161.01;10;9853242711;B
20240315;100951;161;50000;9853242779;S
20240315;100951;161;10;9853242838;S
20240315;100955;161;10;9853243280;S
20240315;100955;161;10;9853243347;S
20240315;100955;161.01;80;9853243350;B
20240315;100955;161;2000;9853243411;S
20240315;100956;161.01;10;9853243472;B
20240315;100957;161;340;9853243512;S
20240315;100957;161;10;9853243531;S
20240315;100957;161;10;9853243582;S
20240315;100959;161.01;100;9853243736;B
20240315;101000;161;500;9853243807;S
20240315;101001;161;80;9853243973;S
20240315;101002;161.01;20;9853244200;B
20240315;101002;161.01;80;9853244201;B
20240315;101004;161.01;10;9853244444;B
20240315;101004;161.01;10;9853244464;B
20240315;101008;161.01;200;9853244941;B
20240315;101008;161.01;10;9853244942;B
20240315;101008;161.01;1790;9853244943;B
20240315;101015;161.01;300;9853245911;B
20240315;101017;161.01;10;9853246196;B
20240315;101020;161.01;10;9853246434;B
20240315;101021;161.01;300;9853246673;B
20240315;101022;161;620;9853246715;S
20240315;101024;161.01;70;9853247052;B
20240315;101027;161.01;10;9853247344;B
20240315;101028;161.01;2300;9853247540;B
20240315;101030;161.01;500;9853247959;B
20240315;101032;161;330;9853248296;S
20240315;101032;161.01;100;9853248303;B
20240315;101032;161.01;20;9853248325;B
20240315;101035;161.01;50;9853248693;B
20240315;101035;161.01;80;9853248732;B
20240315;101038;161.01;20;9853249119;B
20240315;101039;161;70;9853249136;S
20240315;101046;161.01;220;9853250221;B
20240315;101048;161.01;220;9853250546;B
20240315;101048;161.01;780;9853250547;B
20240315;101049;161.01;220;9853250726;B
20240315;101049;161.01;650;9853250727;B
20240315;101052;161.01;70;9853251231;B
20240315;101053;161.01;450;9853251391;B
20240315;101053;161.01;200;9853251392;B
20240315;101053;161.01;150;9853251393;B
20240315;101053;161.01;240;9853251396;B
20240315;101054;161.01;540;9853251577;B
20240315;101055;161.01;10;9853251796;B
20240315;101056;161;300;9853251953;S
20240315;101056;161.01;30;9853251958;B
20240315;101056;161.01;190;9853252020;B
20240315;101056;161.01;1000;9853252021;B
20240315;101056;161.01;200;9853252022;B
20240315;101056;161.01;1170;9853252023;B
20240315;101057;161.01;10;9853252108;B
20240315;101058;161.01;120;9853252389;B
20240315;101059;161.01;30;9853252413;B
20240315;101059;161;350;9853252475;S
20240315;101100;161.01;10;9853252513;B
20240315;101100;161.01;130;9853252625;B
20240315;101101;161.01;680;9853252637;B
20240315;101101;161.01;20;9853252747;B
20240315;101101;161.01;30;9853252748;B
20240315;101103;161.01;20;9853252985;B
20240315;101103;161.01;180;9853253055;B
20240315;101103;161.01;200;9853253056;B
20240315;101103;161.01;2000;9853253057;B
20240315;101103;161.01;300;9853253058;B
20240315;101103;161.01;1000;9853253059;B
20240315;101103;161.01;1320;9853253120;S
20240315;101103;161.01;1000;9853253121;S
20240315;101103;161.01;1000;9853253122;S
20240315;101103;161.01;1680;9853253123;S
20240315;101107;161.01;10;9853253703;S
20240315;101107;161.02;150;9853253775;B
20240315;101109;161.01;990;9853254104;S
20240315;101109;161.01;1000;9853254105;S
20240315;101109;161.01;10;9853254106;S
20240315;101109;161.01;300;9853254107;S
20240315;101109;161.01;50;9853254108;S
20240315;101109;161.01;230;9853254109;S
20240315;101109;161.01;10;9853254110;S
20240315;101109;161;16270;9853254111;S
20240315;101110;161.01;230;9853254137;B
20240315;101110;161.01;1000;9853254138;B
20240315;101110;161.01;800;9853254139;B
20240315;101110;161.02;1970;9853254140;B
20240315;101111;161.01;40;9853254331;B
20240315;101112;161.01;190;9853254373;B
20240315;101112;161.01;800;9853254374;B
20240315;101112;161.01;1000;9853254375;B
20240315;101112;161.01;180;9853254376;B
20240315;101112;161.01;2000;9853254377;B
20240315;101112;161.01;830;9853254378;B
20240315;101112;161.01;10;9853254430;B
20240315;101112;161.01;150;9853254473;B
20240315;101114;161.01;70;9853254680;B
20240315;101114;161.01;1210;9853254681;B
20240315;101115;161.01;50;9853255016;B
20240315;101115;161;600;9853255075;S
20240315;101116;161.01;10;9853255147;B
20240315;101117;161.01;70;9853255209;B
20240315;101117;161.01;230;9853255286;B
20240315;101117;161.01;770;9853255287;B
20240315;101123;161.01;1000;9853256037;B
20240315;101124;161.01;60;9853256295;B
20240315;101128;161;200;9853256860;S
20240315;101128;161;1000;9853256861;S
20240315;101128;161;500;9853256862;S
20240315;101128;161;200;9853256863;S
20240315;101128;161;100;9853256864;S
20240315;101128;161;700;9853256866;S
20240315;101128;161;500;9853256867;S
20240315;101128;161;1000;9853256868;S
20240315;101128;161;100;9853256869;S
20240315;101128;161;200;9853256873;S
20240315;101128;161;100;9853256939;S
20240315;101128;161;200;9853256940;S
20240315;101131;161.01;40;9853257237;B
20240315;101133;161;4000;9853257528;S
20240315;101134;161;10;9853257634;S
20240315;101138;161.01;10;9853258243;B
20240315;101140;161;5000;9853258382;S
20240315;101140;161;31870;9853258387;S
20240315;101140;161;50;9853258388;S
20240315;101140;161;50;9853258389;S
20240315;101140;161;100;9853258390;S
20240315;101140;161;20;9853258391;S
20240315;101140;161;100;9853258392;S
20240315;101140;161;10;9853258393;S
20240315;101140;161;50;9853258394;S
20240315;101140;161;50;9853258395;S
20240315;101140;161;30;9853258396;S
20240315;101140;161;100;9853258397;S
20240315;101140;161;10;9853258398;S
20240315;101140;161;250;9853258399;S
20240315;101140;161;30;9853258400;S
20240315;101140;161;500;9853258401;S
20240315;101140;161;10;9853258402;S
20240315;101140;161;100;9853258403;S
20240315;101140;161;10;9853258404;S
20240315;101140;161;240;9853258405;S
20240315;101140;161;50;9853258406;S
20240315;101140;161;10;9853258407;S
20240315;101140;161;120;9853258408;S
20240315;101140;161;1000;9853258409;S
20240315;101140;161;10;9853258410;S
20240315;101140;161;100;9853258411;S
20240315;101140;161;20;9853258412;S
20240315;101140;161;850;9853258413;S
20240315;101140;161;20;9853258414;S
20240315;101140;161;30;9853258415;S
20240315;101140;161;500;9853258416;S
20240315;101140;161;10;9853258417;S
20240315;101140;161;1840;9853258418;S
20240315;101140;161;20;9853258419;S
20240315;101140;161;50;9853258420;S
20240315;101140;161;50;9853258421;S
20240315;101140;161;100;9853258422;S
20240315;101140;161;100;9853258423;S
20240315;101140;161;300;9853258424;S
20240315;101140;161;20;9853258425;S
20240315;101140;161;10;9853258426;S
20240315;101140;161;50;9853258427;S
20240315;101140;161;100;9853258428;S
20240315;101140;161;20;9853258429;S
20240315;101140;161;300;9853258430;S
20240315;101140;161;10;9853258431;S
20240315;101140;161;50;9853258432;S
20240315;101140;161;100;9853258433;S
20240315;101140;161;250;9853258434;S
20240315;101140;161;10;9853258435;S
20240315;101140;161;10;9853258436;S
20240315;101140;161;100;9853258437;S
20240315;101140;161;10;9853258438;S
20240315;101140;161;10;9853258439;S
20240315;101140;161;150;9853258440;S
20240315;101140;161;10;9853258441;S
20240315;101140;161;10;9853258442;S
20240315;101140;161;50;9853258443;S
20240315;101140;161;2120;9853258444;S
20240315;101140;161;790;9853258445;S
20240315;101140;161;110;9853258446;S
20240315;101140;161;30;9853258447;S
20240315;101140;161;500;9853258448;S
20240315;101140;161;20;9853258449;S
20240315;101140;161;10;9853258450;S
20240315;101140;160.99;10;9853258451;S
20240315;101140;160.99;250;9853258452;S
20240315;101140;160.99;20;9853258453;S
20240315;101140;160.99;50;9853258454;S
20240315;101140;160.98;20;9853258459;S
20240315;101140;160.98;10;9853258460;S
20240315;101140;160.98;10;9853258461;S
20240315;101140;160.97;120;9853258463;S
20240315;101140;160.97;50;9853258469;S
20240315;101140;160.96;80;9853258470;S
20240315;101140;160.95;10;9853258471;S
20240315;101140;160.95;10;9853258472;S
20240315;101140;160.95;50;9853258473;S
20240315;101140;160.95;150;9853258475;S
20240315;101140;160.95;50;9853258480;S
20240315;101140;160.95;20;9853258517;S
20240315;101140;160.96;20;9853258611;B
20240315;101141;160.95;40;9853258619;S
20240315;101141;160.95;630;9853258625;S
20240315;101141;160.95;50;9853258650;S
20240315;101141;160.95;10;9853258690;S
20240315;101145;160.95;500;9853259024;S
20240315;101145;160.95;40;9853259025;S
20240315;101145;160.95;10;9853259026;S
20240315;101145;160.95;10;9853259027;S
20240315;101145;160.95;300;9853259028;S
20240315;101145;160.95;10;9853259029;S
20240315;101145;160.95;10;9853259030;S
20240315;101145;160.95;230;9853259031;S
20240315;101145;160.94;620;9853259032;S
20240315;101145;160.93;270;9853259033;S
20240315;101147;160.93;350;9853259272;S
20240315;101147;160.92;10;9853259273;S
20240315;101147;160.92;160;9853259274;S
20240315;101147;160.92;140;9853259275;B
20240315;101147;160.92;40;9853259335;B
20240315;101148;160.92;10;9853259372;B
20240315;101148;160.92;10;9853259406;B
20240315;101149;160.92;60;9853259509;B
20240315;101150;160.92;10;9853259658;B
20240315;101153;160.91;10;9853259897;S
20240315;101153;160.91;100;9853259898;S
20240315;101153;160.91;1000;9853259899;S
20240315;101153;160.91;1000;9853259900;S
20240315;101153;160.9;160;9853259901;S
20240315;101153;160.91;100;9853259913;B
20240315;101155;160.91;900;9853260253;B
20240315;101156;160.9;100;9853260410;S
20240315;101157;160.91;300;9853260437;B
20240315;101157;160.91;200;9853260438;B
20240315;101158;160.9;140;9853260590;S
20240315;101158;160.9;10;9853260591;S
20240315;101158;160.9;10;9853260592;S
20240315;101158;160.9;10;9853260593;S
20240315;101158;160.9;20;9853260594;S
20240315;101158;160.9;20;9853260595;S
20240315;101158;160.9;10;9853260596;S
20240315;101158;160.9;70;9853260597;S
20240315;101158;160.9;40;9853260598;S
20240315;101200;160.91;60;9853261038;B
20240315;101201;160.91;10;9853261372;B
20240315;101205;160.9;2000;9853262134;S
20240315;101205;160.9;2000;9853262135;S
20240315;101205;160.9;2000;9853262182;S
20240315;101205;160.9;2000;9853262183;S
20240315;101206;160.91;10;9853262322;B
20240315;101207;160.9;1960;9853262551;S
20240315;101207;160.9;10;9853262552;S
20240315;101207;160.9;30;9853262553;S
20240315;101209;160.9;20;9853262741;S
20240315;101209;160.9;10;9853262742;S
20240315;101209;160.9;10;9853262743;S
20240315;101209;160.9;90;9853262744;S
20240315;101209;160.9;1870;9853262745;S
20240315;101209;160.9;130;9853262746;S
20240315;101209;160.89;20;9853262758;B
20240315;101210;160.88;60;9853262910;S
20240315;101210;160.87;10;9853262911;S
20240315;101210;160.87;10;9853262912;S
20240315;101210;160.87;620;9853262913;S
20240315;101210;160.88;10;9853262982;B
20240315;101211;160.87;10;9853263138;S
20240315;101211;160.88;50;9853263148;B
20240315;101212;160.88;100;9853263206;B
20240315;101215;160.88;140;9853263558;B
20240315;101215;160.88;860;9853263559;B
20240315;101216;160.88;140;9853263713;B
20240315;101216;160.88;230;9853263714;B
20240315;101216;160.88;630;9853263715;B
20240315;101217;160.88;10;9853263834;B
20240315;101218;160.88;10;9853263969;B
20240315;101218;160.88;10;9853264035;B
20240315;101220;160.88;340;9853264184;B
20240315;101220;160.88;160;9853264185;B
20240315;101220;160.88;140;9853264362;B
20240315;101220;160.88;800;9853264363;B
20240315;101220;160.88;1000;9853264364;B
20240315;101220;160.88;1000;9853264365;B
20240315;101220;160.88;2000;9853264366;B
20240315;101220;160.88;60;9853264367;B
20240315;101222;160.88;10;9853264541;B
20240315;101222;160.88;10;9853264598;B
20240315;101224;160.87;20;9853264872;S
20240315;101225;160.87;70;9853265041;S
20240315;101227;160.88;1000;9853265357;B
20240315;101227;160.88;230;9853265358;B
20240315;101227;160.88;3770;9853265359;B
20240315;101228;160.88;10;9853265472;B
20240315;101231;160.88;1000;9853265834;B
20240315;101232;160.88;10;9853266028;B
20240315;101232;160.87;10;9853266074;S
20240315;101233;160.88;10;9853266144;B
20240315;101234;160.88;20;9853266312;B
20240315;101234;160.88;150;9853266318;B
20240315;101235;160.88;400;9853266536;B
20240315;101235;160.88;10;9853266541;B
20240315;101235;160.88;10;9853266598;B
20240315;101235;160.88;30;9853266609;B
20240315;101235;160.88;170;9853266610;B
20240315;101236;160.88;100;9853266688;B
20240315;101238;160.88;30;9853266888;B
20240315;101238;160.88;800;9853266889;B
20240315;101238;160.88;170;9853266890;B
20240315;101238;160.88;10;9853266922;B
20240315;101240;160.88;990;9853267196;B
20240315;101240;160.88;2000;9853267197;B
20240315;101240;160.88;110;9853267198;B
20240315;101244;160.88;620;9853267803;B
20240315;101246;160.88;150;9853268031;B
20240315;101247;160.88;10;9853268155;B
20240315;101248;160.88;10;9853268204;B
20240315;101248;160.88;830;9853268235;B
20240315;101248;160.88;2000;9853268236;B
20240315;101248;160.88;20;9853268237;B
20240315;101248;160.88;600;9853268238;B
20240315;101249;160.89;1980;9853268355;B
20240315;101249;160.89;200;9853268356;B
20240315;101249;160.89;770;9853268357;B
20240315;101249;160.89;230;9853268358;B
20240315;101249;160.89;230;9853268359;B
20240315;101249;160.89;4100;9853268360;B
20240315;101249;160.89;20;9853268368;B
20240315;101249;160.89;1980;9853268432;B
20240315;101249;160.89;1000;9853268433;B
20240315;101249;160.9;1000;9853268434;B
20240315;101249;160.9;300;9853268436;B
20240315;101249;160.9;10;9853268463;B
20240315;101249;160.9;1690;9853268473;B
20240315;101249;160.9;1000;9853268474;B
20240315;101249;160.91;1000;9853268475;B
20240315;101249;160.91;1310;9853268476;B
20240315;101249;160.9;1000;9853268477;B
20240315;101250;160.9;10;9853268492;B
20240315;101250;160.9;150;9853268523;B
20240315;101250;160.9;10;9853268528;B
20240315;101251;160.9;20;9853268652;B
20240315;101251;160.9;10;9853268737;B
20240315;101252;160.9;160;9853268816;B
20240315;101252;160.9;1640;9853268868;B
20240315;101252;160.9;1000;9853268869;B
20240315;101252;160.9;2000;9853268870;B
20240315;101252;160.9;3850;9853268871;B
20240315;101252;160.91;230;9853268872;B
20240315;101253;160.91;20;9853268959;B
20240315;101254;160.91;160;9853269065;B
20240315;101254;160.91;20;9853269099;B
20240315;101254;160.91;30;9853269105;B
20240315;101254;160.91;20;9853269113;B
20240315;101254;160.9;10;9853269131;S
20240315;101254;160.91;130;9853269160;B
20240315;101255;160.91;250;9853269225;B
20240315;101256;160.91;220;9853269362;B
20240315;101256;160.91;10;9853269456;B
20240315;101256;160.91;10;9853269457;B
20240315;101257;160.91;10;9853269505;B
20240315;101257;160.91;90;9853269554;B
20240315;101257;160.91;10;9853269559;B
20240315;101257;160.91;10;9853269567;B
20240315;101258;160.91;1010;9853269680;B
20240315;101258;160.91;2000;9853269681;B
20240315;101258;160.92;120;9853269682;B
20240315;101258;160.92;10;9853269709;B
20240315;101300;160.92;40;9853269955;B
20240315;101300;160.92;10;9853269984;B
20240315;101300;160.91;10;9853269985;S
20240315;101301;160.92;10;9853270046;B
20240315;101303;160.92;10;9853270245;B
20240315;101303;160.92;10;9853270262;B
20240315;101303;160.92;790;9853270281;B
20240315;101303;160.92;1210;9853270282;B
20240315;101303;160.92;170;9853270289;B
20240315;101304;160.92;620;9853270363;B
20240315;101304;160.92;30;9853270364;B
20240315;101305;160.92;10;9853270454;B
20240315;101305;160.92;10;9853270480;B
20240315;101305;160.92;1950;9853270513;B
20240315;101305;160.92;1000;9853270514;B
20240315;101305;160.92;50;9853270515;B
20240315;101306;160.92;100;9853270576;B
20240315;101306;160.91;1120;9853270578;S
20240315;101306;160.91;1000;9853270579;S
20240315;101306;160.91;2000;9853270580;S
20240315;101306;160.91;800;9853270581;S
20240315;101306;160.91;2200;9853270582;S
20240315;101306;160.91;1000;9853270583;S
20240315;101306;160.91;50;9853270584;S
20240315;101306;160.91;350;9853270585;S
20240315;101306;160.91;50;9853270586;S
20240315;101306;160.91;20;9853270632;B
20240315;101307;160.91;10;9853270644;B
20240315;101307;160.91;40;9853270660;B
20240315;101308;160.91;20;9853270761;B
20240315;101308;160.91;10;9853270817;B
20240315;101309;160.91;1500;9853270875;B
20240315;101309;160.91;1000;9853270876;B
20240315;101309;160.91;300;9853270877;B
20240315;101309;160.92;300;9853270878;B
20240315;101311;160.91;90;9853271186;S
20240315;101314;160.92;100;9853271468;B
20240315;101315;160.92;40;9853271674;B
20240315;101315;160.92;10;9853271703;B
20240315;101316;160.91;160;9853271809;S
20240315;101316;160.9;250;9853271810;S
20240315;101316;160.9;10;9853271811;S
20240315;101316;160.9;580;9853271812;S
20240315;101317;160.92;700;9853271835;B
20240315;101319;160.92;80;9853272132;B
20240315;101321;160.91;10;9853272435;B
20240315;101321;160.91;50;9853272447;B
20240315;101324;160.91;100;9853272854;B
20240315;101324;160.91;150;9853272855;B
20240315;101325;160.9;140;9853272921;S
20240315;101326;160.92;500;9853273110;B
20240315;101327;160.92;120;9853273214;B
20240315;101327;160.92;1000;9853273215;B
20240315;101327;160.92;480;9853273216;B
20240315;101327;160.92;2000;9853273217;S
20240315;101327;160.93;1000;9853273218;B
20240315;101327;160.93;1120;9853273219;B
20240315;101327;160.92;70;9853273260;S
20240315;101329;160.93;10;9853273532;B
20240315;101330;160.93;100;9853273555;B
20240315;101333;160.92;750;9853273968;S
20240315;101333;160.93;200;9853274101;B
20240315;101334;160.93;100;9853274132;B
20240315;101335;160.92;130;9853274311;S
20240315;101335;160.93;10;9853274326;B
20240315;101336;160.93;10;9853274429;B
20240315;101338;160.93;700;9853274641;B
20240315;101339;160.93;870;9853274729;B
20240315;101339;160.93;680;9853274730;B
20240315;101339;160.93;1320;9853274731;B
20240315;101339;160.94;120;9853274732;B
20240315;101339;160.94;800;9853274736;S
20240315;101339;160.94;1000;9853274737;S
20240315;101339;160.94;200;9853274738;S
20240315;101339;160.96;1000;9853274739;B
20240315;101339;160.95;800;9853274740;S
20240315;101339;160.95;1870;9853274741;S
20240315;101339;160.95;130;9853274742;S
20240315;101339;160.95;870;9853274743;S
20240315;101339;160.95;1000;9853274744;S
20240315;101339;160.95;1870;9853274745;S
20240315;101339;160.95;130;9853274746;S
20240315;101339;160.95;100;9853274829;S
20240315;101339;160.96;10;9853274834;B
20240315;101339;160.95;50;9853274837;S
20240315;101341;160.96;10;9853275022;B
20240315;101342;160.96;10;9853275032;B
20240315;101342;160.95;720;9853275084;S
20240315;101342;160.95;1870;9853275085;S
20240315;101342;160.94;3410;9853275086;S
20240315;101342;160.96;70;9853275182;B
20240315;101342;160.96;1930;9853275183;B
20240315;101343;160.96;70;9853275202;B
20240315;101344;160.97;10;9853275299;B
20240315;101347;160.97;30;9853275736;B
20240315;101350;160.97;10;9853276165;B
20240315;101352;160.97;10;9853276365;B
20240315;101352;160.97;150;9853276384;B
20240315;101354;160.97;60;9853276682;B
20240315;101354;160.96;430;9853276695;S
20240315;101354;160.96;570;9853276696;S
20240315;101354;160.97;10;9853276718;B
20240315;101355;160.98;1170;9853276846;B
20240315;101356;160.98;320;9853276999;B
20240315;101357;160.98;100;9853277104;B
20240315;101401;160.98;10;9853277509;B
20240315;101403;160.98;50;9853277755;B
20240315;101404;160.98;390;9853277887;B
20240315;101404;160.98;110;9853277888;B
20240315;101410;160.98;1190;9853278593;B
20240315;101410;160.98;100;9853278594;B
20240315;101411;160.99;10;9853278685;B
20240315;101415;160.99;20;9853279126;B
20240315;101418;160.98;210;9853279483;S
20240315;101418;160.98;10;9853279484;S
20240315;101418;160.98;280;9853279485;S
20240315;101418;160.99;20;9853279560;B
20240315;101419;160.99;10;9853279740;B
20240315;101420;160.99;20;9853279895;B
20240315;101423;160.99;1000;9853280398;S
20240315;101423;160.98;2000;9853280399;S
20240315;101426;161;26750;9853280838;B
20240315;101426;161;170;9853280839;B
20240315;101426;161;20;9853280840;B
20240315;101426;161;2000;9853280841;B
20240315;101426;161;300;9853280842;B
20240315;101426;161.01;50;9853280888;B
20240315;101427;161.01;1950;9853280943;B
20240315;101427;161.03;1000;9853280944;B
20240315;101427;161.03;1050;9853280945;B
20240315;101427;161.01;800;9853280946;S
20240315;101427;161.03;1000;9853281064;B
20240315;101428;161.03;40;9853281076;B
20240315;101428;161.03;20;9853281204;B
20240315;101429;161.03;760;9853281316;B
20240315;101430;161.03;180;9853281584;B
20240315;101431;161.03;320;9853281917;S
20240315;101432;161.01;1870;9853281929;S
20240315;101433;161.01;10;9853282200;S
20240315;101436;161.01;50;9853282564;B
20240315;101436;161.01;10;9853282623;B
20240315;101438;161;2950;9853282789;S
20240315;101438;161;10;9853282790;S
20240315;101438;161;540;9853282791;S
20240315;101441;161;800;9853283272;B
20240315;101443;161.01;830;9853283702;B
20240315;101443;161.01;950;9853283703;B
20240315;101443;161.03;3220;9853283704;B
20240315;101444;161.04;10;9853283967;B
20240315;101448;161.04;190;9853284583;B
20240315;101448;161.04;500;9853284584;B
20240315;101448;161.05;1000;9853284585;B
20240315;101448;161.05;800;9853284586;B
20240315;101448;161.05;300;9853284587;B
20240315;101448;161.06;1000;9853284588;B
20240315;101448;161.06;860;9853284589;B
20240315;101448;161.07;1000;9853284590;B
20240315;101448;161.07;690;9853284591;B
20240315;101448;161.08;1000;9853284592;B
20240315;101448;161.08;500;9853284593;B
20240315;101448;161.08;230;9853284594;B
20240315;101448;161.09;500;9853284595;B
20240315;101448;161.09;230;9853284596;B
20240315;101448;161.09;1000;9853284597;B
20240315;101448;161.09;3200;9853284598;B
20240315;101450;161.03;200;9853285228;S
20240315;101450;161.02;200;9853285229;S
20240315;101452;161.05;40;9853285532;B
20240315;101453;161.04;50;9853285601;S
20240315;101455;161.05;1500;9853285718;B
20240315;101459;161.05;30;9853286243;B
20240315;101459;161.05;430;9853286244;B
20240315;101459;161.05;1000;9853286245;B
20240315;101459;161.05;320;9853286246;B
20240315;101502;161.08;1000;9853286634;B
20240315;101502;161.08;10;9853286635;B
20240315;101502;161.08;1000;9853286636;B
20240315;101502;161.08;6000;9853286637;B
20240315;101502;161.09;1000;9853286638;B
20240315;101502;161.09;5790;9853286639;B
20240315;101505;161.06;50;9853287139;S
20240315;101505;161.06;100;9853287140;S
20240315;101505;161.05;50;9853287141;S
20240315;101506;161.09;10;9853287277;B
20240315;101508;161.05;40;9853287564;S
20240315;101512;161.08;10;9853288145;B
20240315;101513;161.08;10;9853288385;B
20240315;101514;161.08;10;9853288558;B
20240315;101515;161.08;10;9853288784;B
20240315;101515;161.08;460;9853288839;B
20240315;101515;161.08;100;9853288840;B
20240315;101515;161.09;440;9853288841;B
20240315;101516;161.06;50;9853288984;S
20240315;101517;161.09;20;9853289255;B
20240315;101519;161.09;30;9853289652;B
20240315;101520;161.06;50;9853289696;S
20240315;101520;161.06;810;9853289697;S
20240315;101522;161.09;200;9853290250;B
20240315;101522;161.09;230;9853290251;B
20240315;101522;161.09;120;9853290252;B
20240315;101526;161.06;10;9853290906;S
20240315;101528;161.08;400;9853291375;B
20240315;101529;161.06;490;9853291622;S
20240315;101529;161.06;170;9853291623;S
20240315;101531;161.07;20;9853291984;B
20240315;101534;161.07;10;9853292562;B
20240315;101536;161.06;110;9853293157;S
20240315;101537;161.05;2460;9853293210;S
20240315;101537;161.05;2000;9853293211;S
20240315;101537;161.05;100;9853293212;S
20240315;101537;161.05;1000;9853293213;S
20240315;101537;161.05;10;9853293214;S
20240315;101537;161.05;450;9853293215;S
20240315;101537;161.05;20;9853293330;B
20240315;101538;161.04;400;9853293451;S
20240315;101538;161.04;10;9853293452;S
20240315;101538;161.04;10;9853293453;S
20240315;101541;161.02;50;9853294213;B
20240315;101545;161.02;10;9853294834;B
20240315;101547;161.01;10;9853295131;S
20240315;101547;161.01;50;9853295132;S
20240315;101547;161;200;9853295133;S
20240315;101547;161;40;9853295134;S
20240315;101547;161;40;9853295135;S
20240315;101547;161;10;9853295136;S
20240315;101547;161;100;9853295137;S
20240315;101547;161;10;9853295138;S
20240315;101547;160.99;300;9853295139;S
20240315;101547;160.98;10;9853295140;S
20240315;101547;160.98;70;9853295141;S
20240315;101547;160.97;10;9853295142;S
20240315;101547;160.97;10;9853295143;S
20240315;101547;160.97;10;9853295144;S
20240315;101547;160.97;2580;9853295145;S
20240315;101547;160.97;450;9853295146;S
20240315;101547;160.96;10;9853295147;S
20240315;101547;160.96;20;9853295148;S
20240315;101547;160.96;70;9853295149;S
20240315;101547;160.95;20;9853295150;S
20240315;101547;160.95;40;9853295151;S
20240315;101547;160.95;940;9853295152;S
20240315;101550;160.97;300;9853295508;B
20240315;101553;160.95;10;9853295961;B
20240315;101553;160.95;50;9853296058;B
20240315;101554;160.95;20;9853296165;B
20240315;101555;160.95;10;9853296243;B
20240315;101556;160.95;300;9853296488;B
20240315;101558;160.95;40;9853296719;B
20240315;101558;160.95;50;9853296776;B
20240315;101558;160.94;20;9853296844;S
20240315;101558;160.93;50;9853296883;S
20240315;101600;160.93;40;9853297271;B
20240315;101601;160.92;10;9853297418;S
20240315;101603;160.93;120;9853297783;B
20240315;101604;160.93;90;9853297872;B
20240315;101604;160.93;240;9853297940;B
20240315;101605;160.93;30;9853298036;B
20240315;101606;160.93;660;9853298301;B
20240315;101606;160.93;1000;9853298302;B
20240315;101608;160.93;1090;9853298561;S
20240315;101608;160.94;20;9853298639;B
20240315;101609;160.93;30;9853298876;S
20240315;101614;160.94;30;9853299562;B
20240315;101615;160.94;10;9853299701;B
20240315;101617;160.94;20;9853300035;B
20240315;101621;160.94;350;9853300615;B
20240315;101622;160.94;100;9853300799;B
20240315;101622;160.94;10;9853300820;B
20240315;101623;160.94;10;9853300865;B
20240315;101624;160.94;980;9853301062;B
20240315;101624;160.94;20;9853301063;B
20240315;101626;160.96;60;9853301275;B
20240315;101626;160.93;10;9853301365;S
20240315;101629;160.94;20;9853301758;B
20240315;101629;160.94;130;9853301759;B
20240315;101630;160.94;20;9853301822;B
20240315;101631;160.94;600;9853301956;B
20240315;101632;160.94;250;9853302077;B
20240315;101635;160.94;10;9853302485;B
20240315;101637;160.94;210;9853302778;B
20240315;101641;160.94;100;9853303144;B
20240315;101641;160.94;100;9853303229;B
20240315;101644;160.94;400;9853303591;B
20240315;101646;160.94;40;9853303773;B
20240315;101649;160.93;10;9853304113;S
20240315;101649;160.93;150;9853304120;S
20240315;101652;160.93;50;9853304479;S
20240315;101652;160.93;10;9853304480;S
20240315;101652;160.93;1000;9853304481;S
20240315;101652;160.93;180;9853304482;S
20240315;101653;160.94;10;9853304525;B
20240315;101653;160.93;200;9853304573;S
20240315;101654;160.94;50;9853304731;B
20240315;101657;160.94;10;9853304980;B
20240315;101700;160.94;10;9853305379;B
20240315;101701;160.93;1000;9853305425;S
20240315;101701;160.94;800;9853305434;B
20240315;101708;160.93;1000;9853306273;S
20240315;101708;160.94;800;9853306277;B
20240315;101709;160.94;10;9853306426;B
20240315;101710;160.94;1430;9853306464;B
20240315;101710;160.94;370;9853306465;B
20240315;101710;160.95;300;9853306466;B
20240315;101710;160.96;750;9853306467;B
20240315;101713;160.96;30;9853306775;B
20240315;101715;160.94;1000;9853306948;S
20240315;101715;160.96;800;9853306951;B
20240315;101716;160.96;200;9853307130;B
20240315;101720;160.96;530;9853307386;S
20240315;101720;160.97;100;9853307400;B
20240315;101720;160.97;390;9853307401;B
20240315;101720;160.97;40;9853307402;B
20240315;101721;160.98;10;9853307450;B
20240315;101722;160.96;470;9853307535;S
20240315;101722;160.94;210;9853307536;S
20240315;101722;160.98;220;9853307541;B
20240315;101722;160.98;580;9853307542;B
20240315;101727;160.97;20;9853307985;B
20240315;101728;160.98;250;9853308026;B
20240315;101729;160.98;170;9853308120;B
20240315;101729;160.98;230;9853308121;B
20240315;101729;160.98;300;9853308122;B
20240315;101729;160.99;100;9853308123;B
20240315;101730;160.98;20;9853308204;B
20240315;101733;160.98;60;9853308492;B
20240315;101734;160.96;50;9853308524;S
20240315;101734;160.96;10;9853308525;S
20240315;101735;160.95;390;9853308705;S
20240315;101735;160.93;410;9853308706;S
20240315;101735;160.93;940;9853308707;S
20240315;101736;160.96;390;9853308723;B
20240315;101736;160.97;300;9853308724;B
20240315;101736;160.97;110;9853308725;B
20240315;101741;160.97;20;9853309288;B
20240315;101741;160.93;80;9853309335;S
20240315;101743;160.96;150;9853309435;B
20240315;101746;160.94;10;9853309827;S
20240315;101746;160.93;80;9853309828;S
20240315;101750;160.93;10;9853310294;S
20240315;101750;160.97;10;9853310314;B
20240315;101751;160.96;10;9853310431;S
20240315;101752;160.95;10;9853310559;B
20240315;101753;160.94;390;9853310634;S
20240315;101753;160.94;330;9853310635;S
20240315;101758;160.95;10;9853311118;B
20240315;101759;160.93;1000;9853311172;S
20240315;101801;160.93;1000;9853311372;S
20240315;101801;160.93;500;9853311373;S
20240315;101801;160.93;1000;9853311374;S
20240315;101801;160.93;500;9853311375;S
20240315;101801;160.93;1000;9853311376;S
20240315;101801;160.93;500;9853311377;S
20240315;101801;160.93;500;9853311378;S
20240315;101801;160.93;100;9853311379;S
20240315;101801;160.93;900;9853311380;S
20240315;101801;160.93;900;9853311381;S
20240315;101801;160.93;40;9853311382;S
20240315;101801;160.93;40;9853311383;S
20240315;101801;160.93;20;9853311384;S
20240315;101801;160.93;200;9853311385;S
20240315;101801;160.93;1000;9853311386;S
20240315;101801;160.93;1000;9853311387;S
20240315;101801;160.93;1000;9853311388;S
20240315;101801;160.93;1000;9853311389;S
20240315;101801;160.93;100;9853311390;S
20240315;101801;160.93;850;9853311429;S
20240315;101801;160.93;30;9853311433;S
20240315;101801;160.93;20;9853311436;S
20240315;101802;160.93;10;9853311529;S
20240315;101804;160.93;300;9853311695;S
20240315;101804;160.94;100;9853311723;B
20240315;101806;160.94;10;9853311951;B
20240315;101809;160.93;610;9853312209;S
20240315;101811;160.94;30;9853312358;B
20240315;101812;160.93;50;9853312470;S
20240315;101813;160.94;60;9853312563;B
20240315;101813;160.94;390;9853312564;B
20240315;101813;160.94;50;9853312565;B
20240315;101814;160.93;90;9853312624;S
20240315;101814;160.93;10;9853312625;S
20240315;101814;160.93;100;9853312626;S
20240315;101818;160.94;10;9853313151;B
20240315;101823;160.93;400;9853313519;S
20240315;101824;160.93;300;9853313588;S
20240315;101825;160.94;940;9853313697;B
20240315;101825;160.94;300;9853313698;B
20240315;101825;160.94;230;9853313699;B
20240315;101825;160.94;390;9853313700;B
20240315;101825;160.94;2170;9853313701;B
20240315;101828;160.95;20;9853314039;B
20240315;101830;160.95;10;9853314160;B
20240315;101831;160.94;170;9853314252;S
20240315;101833;160.95;100;9853314383;B
20240315;101833;160.95;20;9853314453;B
20240315;101834;160.95;30;9853314527;B
20240315;101834;160.94;600;9853314530;S
20240315;101834;160.95;20;9853314540;B
20240315;101834;160.95;230;9853314541;B
20240315;101834;160.95;1000;9853314542;B
20240315;101834;160.95;300;9853314543;B
20240315;101834;160.95;1200;9853314544;B
20240315;101836;160.96;20;9853314763;B
20240315;101839;160.96;10;9853314971;B
20240315;101843;160.96;10;9853315337;B
20240315;101843;160.95;2000;9853315348;S
20240315;101845;160.95;250;9853315577;S
20240315;101845;160.95;20;9853315578;S
20240315;101845;160.95;30;9853315579;S
20240315;101845;160.95;100;9853315580;S
20240315;101854;160.95;200;9853316642;S
20240315;101854;160.95;120;9853316659;S
20240315;101854;160.94;200;9853316660;S
20240315;101854;160.94;100;9853316661;S
20240315;101854;160.94;10;9853316662;S
20240315;101854;160.93;4570;9853316663;S
20240315;101858;160.94;10;9853317101;B
20240315;101901;160.94;10;9853317302;B
20240315;101903;160.93;80;9853317465;S
20240315;101907;160.94;10;9853317831;B
20240315;101908;160.94;10;9853318015;B
20240315;101912;160.93;1400;9853318494;S
20240315;101914;160.94;10;9853318620;B
20240315;101914;160.94;70;9853318664;B
20240315;101917;160.94;50;9853318895;B
20240315;101917;160.94;10;9853318897;B
20240315;101918;160.94;760;9853319010;B
20240315;101923;160.93;6000;9853319318;S
20240315;101923;160.94;30;9853319341;B
20240315;101923;160.94;10;9853319370;B
20240315;101925;160.94;30;9853319509;B
20240315;101925;160.94;230;9853319510;B
20240315;101925;160.94;10;9853319537;B
20240315;101925;160.95;40;9853319538;B
20240315;101927;160.95;10;9853319639;B
20240315;101929;160.93;10;9853319835;S
20240315;101930;160.93;10;9853319937;S
20240315;101932;160.95;20;9853320171;B
20240315;101933;160.95;50;9853320304;B
20240315;101934;160.94;10;9853320355;S
20240315;101934;160.93;8520;9853320356;S
20240315;101938;160.93;10;9853320792;S
20240315;101941;160.94;60;9853321008;B
20240315;101941;160.93;60;9853321064;S
20240315;101943;160.94;30;9853321261;B
20240315;101944;160.94;40;9853321357;B
20240315;101945;160.94;90;9853321391;B
20240315;101945;160.94;60;9853321485;B
20240315;101945;160.95;40;9853321486;B
20240315;101949;160.93;20;9853321774;S
20240315;101949;160.93;30;9853321775;S
20240315;101957;160.95;30;9853322613;B
20240315;101958;160.95;10;9853322687;B
20240315;101959;160.94;10;9853322859;S
20240315;101959;160.95;240;9853322916;B
20240315;102000;160.95;10;9853322956;B
20240315;102004;160.94;10;9853323280;S
20240315;102004;160.93;220;9853323281;S
20240315;102005;160.95;400;9853323339;B
20240315;102005;160.95;600;9853323340;B
20240315;102006;160.95;10;9853323484;B
20240315;102010;160.95;1000;9853323771;B
20240315;102011;160.95;10;9853323838;B
20240315;102013;160.93;270;9853323996;S
20240315;102014;160.95;220;9853324101;B
20240315;102014;160.95;1000;9853324102;B
20240315;102014;160.95;10;9853324103;B
20240315;102014;160.95;1000;9853324104;S
20240315;102014;160.95;1000;9853324105;S
20240315;102014;160.95;1000;9853324106;S
20240315;102014;160.95;770;9853324107;S
20240315;102015;160.95;30;9853324196;B
20240315;102017;160.95;10;9853324785;B
20240315;102017;160.95;190;9853325173;B
20240315;102017;160.95;10;9853325174;B
20240315;102017;160.95;10;9853325175;B
20240315;102019;160.95;10;9853325325;S
20240315;102022;160.96;30;9853326294;B
20240315;102024;160.95;780;9853326886;S
20240315;102024;160.95;220;9853326887;S
20240315;102025;160.95;10;9853328364;S
20240315;102026;160.96;10;9853328506;B
20240315;102030;160.96;10;9853329344;B
20240315;102033;160.95;10;9853330626;S
20240315;102035;160.95;10;9853330809;S
20240315;102035;160.95;10;9853331333;S
20240315;102038;160.95;230;9853331568;S
20240315;102041;160.95;100;9853332693;S
20240315;102041;160.95;100;9853332694;S
20240315;102041;160.95;10;9853332718;S
20240315;102041;160.96;10;9853332733;B
20240315;102041;160.95;100;9853332736;S
20240315;102045;160.95;10;9853334707;S
20240315;102047;160.96;30;9853334855;B
20240315;102049;160.95;10;9853335027;S
20240315;102049;160.95;10;9853335171;S
20240315;102049;160.95;500;9853335179;S
20240315;102050;160.96;10;9853335194;B
20240315;102051;160.95;1500;9853335327;S
20240315;102051;160.95;40;9853335337;S
20240315;102053;160.96;10;9853335921;B
20240315;102053;160.96;10;9853335937;B
20240315;102055;160.96;10;9853336461;B
20240315;102056;160.95;10;9853336540;S
20240315;102059;160.96;10;9853337055;B
20240315;102100;160.96;460;9853337100;B
20240315;102100;160.96;1540;9853337101;B
20240315;102100;160.96;20;9853337629;B
20240315;102100;160.95;10;9853337632;S
20240315;102100;160.95;10;9853337637;S
20240315;102101;160.96;180;9853337772;B
20240315;102103;160.96;10;9853338401;B
20240315;102103;160.95;500;9853338413;S
20240315;102103;160.95;100;9853338423;S
20240315;102103;160.95;10;9853338424;S
20240315;102103;160.95;10;9853338431;S
20240315;102103;160.95;10;9853338436;S
20240315;102103;160.95;10;9853338437;S
20240315;102104;160.95;10;9853338714;S
20240315;102106;160.95;10;9853338991;S
20240315;102107;160.96;10;9853339025;B
20240315;102109;160.96;30;9853339279;B
20240315;102110;160.95;10;9853339441;S
20240315;102111;160.95;10;9853339510;S
20240315;102111;160.96;10;9853339535;B
20240315;102111;160.95;10;9853339537;S
20240315;102112;160.96;30;9853339642;B
20240315;102114;160.95;1410;9853339747;S
20240315;102114;160.95;10;9853339748;S
20240315;102114;160.95;140;9853339749;S
20240315;102114;160.95;300;9853339750;S
20240315;102114;160.95;50;9853339751;S
20240315;102114;160.95;10;9853339752;S
20240315;102114;160.94;370;9853339753;S
20240315;102114;160.94;10;9853339754;S
20240315;102114;160.94;10;9853339755;S
20240315;102114;160.94;590;9853339756;S
20240315;102114;160.96;50;9853339764;B
20240315;102117;160.96;200;9853340659;B
20240315;102121;160.96;10;9853341632;B
20240315;102125;160.96;10;9853342929;B
20240315;102126;160.96;10;9853343065;B
20240315;102130;160.96;10;9853343388;B
20240315;102130;160.95;10;9853343398;S
20240315;102131;160.96;10;9853343831;B
20240315;102133;160.96;1570;9853344379;B
20240315;102133;160.96;100;9853344380;B
20240315;102133;160.96;100;9853344381;B
20240315;102133;160.96;10;9853344382;B
20240315;102133;160.96;10;9853344383;B
20240315;102133;160.96;10;9853344384;B
20240315;102133;160.96;10;9853344385;B
20240315;102133;160.97;190;9853344386;B
20240315;102136;160.99;10;9853344961;B
20240315;102141;160.99;90;9853346251;B
20240315;102141;160.99;200;9853346252;B
20240315;102141;160.99;10;9853346253;B
20240315;102141;160.99;10;9853346254;B
20240315;102141;161;30;9853346255;B
20240315;102141;161;80;9853346256;B
20240315;102141;161;24580;9853346257;B
20240315;102142;161;10;9853346292;B
20240315;102148;161;10;9853346883;B
20240315;102149;161;20;9853347672;B
20240315;102151;161;200;9853348271;B
20240315;102152;160.97;300;9853348399;S
20240315;102152;160.96;360;9853348400;S
20240315;102152;160.96;1340;9853348401;S
20240315;102154;160.96;100;9853348524;S
20240315;102158;161;4790;9853349923;B
20240315;102203;161;380;9853350404;B
20240315;102204;161;490;9853350462;B
20240315;102204;161;70;9853350467;B
20240315;102205;160.99;150;9853350510;S
20240315;102207;160.99;70;9853351360;S
20240315;102215;161;10;9853353023;B
20240315;102215;160.98;10;9853353062;S
20240315;102225;161;290;9853355361;B
20240315;102230;161;10;9853356336;B
20240315;102233;161;10;9853357193;B
20240315;102235;160.99;30;9853358212;S
20240315;102235;160.99;390;9853358213;S
20240315;102235;160.98;10;9853358214;S
20240315;102235;160.98;10;9853358215;S
20240315;102237;161;50;9853358547;B
20240315;102238;161;200;9853358618;B
20240315;102238;161;400;9853358619;B
20240315;102238;161;110;9853358620;B
20240315;102238;161;290;9853358621;B
20240315;102238;161;10;9853358639;B
20240315;102240;161;50;9853358888;B
20240315;102242;161;10;9853359398;B
20240315;102242;161;10;9853359401;B
20240315;102244;160.99;390;9853359648;S
20240315;102244;160.98;150;9853359649;S
20240315;102244;160.98;920;9853359650;S
20240315;102247;161;10;9853361318;B
20240315;102250;160.97;1000;9853361521;S
20240315;102250;160.97;300;9853361522;S
20240315;102250;160.97;300;9853361523;S
20240315;102250;160.97;400;9853361524;S
20240315;102250;160.96;990;9853361525;S
20240315;102250;161;50;9853361526;B
20240315;102253;160.99;20;9853362241;B
20240315;102253;161;160;9853362242;B
20240315;102257;161;10;9853363095;B
20240315;102301;161;100;9853363912;B
20240315;102302;161;530;9853363993;B
20240315;102303;161;20;9853363996;B
20240315;102303;161;70;9853364013;B
20240315;102303;161;20;9853364419;B
20240315;102309;160.99;40;9853365648;S
20240315;102311;161;20;9853365873;B
20240315;102311;161;120;9853365875;B
20240315;102315;161;10;9853367424;B
20240315;102317;161;10;9853367688;B
20240315;102319;160.99;10;9853368380;S
20240315;102319;161;10;9853368429;B
20240315;102322;161;10;9853369293;B
20240315;102330;161;50;9853370040;B
20240315;102331;160.99;20;9853370517;S
20240315;102335;161;100;9853370934;B
20240315;102337;160.99;100;9853371122;S
20240315;102340;161;10;9853372377;B
20240315;102340;161;10;9853373269;B
20240315;102340;161;100;9853373395;B
20240315;102344;160.99;430;9853373682;S
20240315;102344;160.98;10;9853373689;S
20240315;102344;160.98;10;9853373690;S
20240315;102345;160.97;20;9853373870;B
20240315;102346;160.97;300;9853373967;B
20240315;102346;160.97;100;9853373968;B
20240315;102346;160.98;100;9853373969;B
20240315;102350;160.97;10;9853375642;B
20240315;102351;160.97;20;9853375693;B
20240315;102353;160.96;90;9853376119;S
20240315;102353;160.96;140;9853376120;S
20240315;102400;160.95;110;9853377978;S
20240315;102400;160.95;10;9853377979;S
20240315;102400;160.95;10;9853377980;S
20240315;102401;160.95;10;9853378111;B
20240315;102402;160.95;420;9853378320;S
20240315;102402;160.94;60;9853378410;B
20240315;102403;160.93;2440;9853378455;S
20240315;102403;160.93;10;9853378456;S
20240315;102403;160.93;10;9853378457;S
20240315;102403;160.93;10;9853378458;S
20240315;102403;160.93;10;9853378459;S
20240315;102403;160.93;10;9853378460;S
20240315;102403;160.93;10;9853378461;S
20240315;102403;160.93;10;9853378462;S
20240315;102403;160.93;10;9853378463;S
20240315;102403;160.93;10;9853378464;S
20240315;102403;160.93;10;9853378465;S
20240315;102403;160.93;10;9853378466;S
20240315;102403;160.93;10;9853378467;S
20240315;102403;160.93;10;9853378468;S
20240315;102403;160.93;10;9853378469;S
20240315;102403;160.93;10;9853378470;S
20240315;102403;160.93;10;9853378471;S
20240315;102403;160.93;10;9853378472;S
20240315;102403;160.93;10;9853378473;S
20240315;102403;160.93;10;9853378474;S
20240315;102403;160.93;10;9853378475;S
20240315;102403;160.93;10;9853378476;S
20240315;102403;160.93;10;9853378477;S
20240315;102403;160.93;50;9853378478;S
20240315;102403;160.93;100;9853378479;S
20240315;102403;160.93;4000;9853378480;S
20240315;102403;160.93;20;9853378481;S
20240315;102403;160.93;250;9853378482;S
20240315;102403;160.93;10;9853378483;S
20240315;102403;160.93;10;9853378484;S
20240315;102403;160.93;10;9853378485;S
20240315;102403;160.93;500;9853378517;S
20240315;102403;160.93;10;9853378518;S
20240315;102403;160.93;10;9853378519;S
20240315;102403;160.93;10;9853378520;S
20240315;102403;160.93;10;9853378521;S
20240315;102403;160.93;50;9853378522;S
20240315;102406;160.93;6030;9853379183;S
20240315;102406;160.93;10;9853379184;S
20240315;102406;160.94;10;9853379215;B
20240315;102409;160.96;10;9853379968;B
20240315;102412;160.94;10;9853380597;S
20240315;102412;160.93;20;9853380598;S
20240315;102416;160.93;10;9853381538;S
20240315;102418;160.96;30;9853381668;B
20240315;102418;160.96;30;9853381669;B
20240315;102422;160.94;500;9853382159;B
20240315;102424;160.95;10;9853382561;B
20240315;102424;160.95;240;9853382562;S
20240315;102429;160.93;7050;9853385021;S
20240315;102429;160.93;10;9853385022;S
20240315;102429;160.93;50;9853385023;S
20240315;102430;160.96;10;9853385244;B
20240315;102431;160.95;10;9853385288;B
20240315;102432;160.94;10;9853385372;S
20240315;102432;160.93;490;9853385373;S
20240315;102437;160.94;10;9853385999;S
20240315;102437;160.93;80;9853386000;S
20240315;102440;160.96;50;9853387526;B
20240315;102440;160.96;70;9853387578;B
20240315;102440;160.96;70;9853387647;B
20240315;102440;160.96;40;9853387687;B
20240315;102440;160.96;50;9853387717;B
20240315;102441;160.96;60;9853387741;B
20240315;102441;160.95;40;9853388282;B
20240315;102442;160.94;30;9853388434;S
20240315;102443;160.94;40;9853388710;S
20240315;102443;160.96;10;9853388744;B
20240315;102446;160.94;260;9853388960;S
20240315;102446;160.96;20;9853389010;B
20240315;102448;160.96;100;9853389381;B
20240315;102449;160.96;10;9853389424;B
20240315;102451;160.94;30;9853389577;S
20240315;102451;160.93;270;9853389578;S
20240315;102451;160.93;10;9853389579;S
20240315;102451;160.93;90;9853389580;S
20240315;102452;160.96;10;9853389687;B
20240315;102458;160.96;50;9853392007;B
20240315;102458;160.94;10;9853392011;S
20240315;102458;160.93;10;9853392012;S
20240315;102502;160.95;10;9853392601;B
20240315;102503;160.93;10;9853392650;S
20240315;102510;160.93;10;9853394403;S
20240315;102510;160.93;10;9853394404;S
20240315;102510;160.93;10;9853394405;S
20240315;102510;160.92;10;9853394406;S
20240315;102510;160.92;50;9853394407;S
20240315;102510;160.92;50;9853394408;S
20240315;102510;160.92;10;9853394409;S
20240315;102510;160.92;10;9853394410;S
20240315;102510;160.92;340;9853394411;S
20240315;102511;160.93;10;9853394755;S
20240315;102511;160.93;10;9853394756;S
20240315;102511;160.92;80;9853394757;S
20240315;102514;160.95;10;9853395043;B
20240315;102518;160.94;40;9853395459;S
20240315;102518;160.94;10;9853395460;S
20240315;102518;160.93;10;9853395461;S
20240315;102518;160.93;10;9853395462;S
20240315;102518;160.92;580;9853395463;S
20240315;102518;160.92;380;9853395464;S
20240315;102518;160.92;100;9853395465;S
20240315;102518;160.91;10;9853395466;S
20240315;102518;160.91;10;9853395467;S
20240315;102518;160.91;130;9853395468;S
20240315;102518;160.91;10;9853395469;S
20240315;102518;160.91;10;9853395470;S
20240315;102518;160.91;1130;9853395471;S
20240315;102518;160.91;560;9853395472;S
20240315;102521;160.93;10;9853397132;B
20240315;102524;160.93;140;9853398046;B
20240315;102527;160.91;50;9853398612;S
20240315;102529;160.91;3820;9853399239;S
20240315;102529;160.9;2000;9853399240;S
20240315;102529;160.9;40;9853399241;S
20240315;102529;160.9;10;9853399242;S
20240315;102529;160.9;190;9853399243;S
20240315;102529;160.9;10;9853399244;S
20240315;102529;160.9;20;9853399245;S
20240315;102529;160.9;990;9853399246;S
20240315;102529;160.9;10;9853399247;S
20240315;102529;160.9;100;9853399248;S
20240315;102529;160.9;100;9853399249;S
20240315;102529;160.9;50;9853399250;S
20240315;102529;160.9;50;9853399251;S
20240315;102529;160.9;100;9853399252;S
20240315;102529;160.9;10;9853399253;S
20240315;102529;160.9;10;9853399254;S
20240315;102529;160.9;20;9853399255;S
20240315;102529;160.9;30;9853399256;S
20240315;102529;160.9;50;9853399257;S
20240315;102529;160.9;20;9853399258;S
20240315;102529;160.9;10;9853399259;S
20240315;102529;160.9;30;9853399260;S
20240315;102529;160.9;500;9853399261;S
20240315;102529;160.9;500;9853399262;S
20240315;102529;160.9;1000;9853399263;S
20240315;102529;160.9;10;9853399264;S
20240315;102529;160.9;50;9853399265;S
20240315;102529;160.9;10;9853399266;S
20240315;102529;160.9;20000;9853399267;S
20240315;102529;160.9;20;9853399268;S
20240315;102529;160.9;240;9853399269;S
20240315;102530;160.9;380;9853399875;S
20240315;102530;160.9;1000;9853399876;S
20240315;102530;160.9;50;9853399877;S
20240315;102530;160.9;1470;9853399926;B
20240315;102530;160.9;5000;9853399964;S
20240315;102532;160.91;50;9853400229;B
20240315;102537;160.91;1000;9853401368;S
20240315;102537;160.9;300;9853401405;S
20240315;102538;160.91;1000;9853401472;B
20240315;102538;160.91;10;9853401493;B
20240315;102539;160.9;3230;9853401878;S
20240315;102540;160.91;20;9853401937;B
20240315;102541;160.89;50;9853402556;S
20240315;102541;160.89;500;9853402557;S
20240315;102541;160.89;500;9853402558;S
20240315;102541;160.89;10;9853402559;S
20240315;102541;160.89;300;9853402560;S
20240315;102541;160.89;10;9853402561;S
20240315;102541;160.89;140;9853402562;S
20240315;102547;160.89;1870;9853403739;B
20240315;102547;160.89;190;9853403740;B
20240315;102547;160.9;390;9853403741;B
20240315;102547;160.89;10;9853404015;B
20240315;102548;160.89;10;9853404084;B
20240315;102548;160.88;20;9853404108;S
20240315;102548;160.88;10;9853404109;S
20240315;102548;160.88;7080;9853404110;S
20240315;102548;160.88;3020;9853404111;S
20240315;102548;160.88;50;9853404112;S
20240315;102548;160.88;10;9853404113;S
20240315;102548;160.88;20;9853404114;S
20240315;102549;160.87;270;9853404143;S
20240315;102549;160.87;20;9853404144;S
20240315;102549;160.87;20;9853404145;S
20240315;102549;160.87;10;9853404146;S
20240315;102549;160.87;50;9853404147;S
20240315;102549;160.87;10;9853404148;S
20240315;102549;160.87;10;9853404149;S
20240315;102549;160.87;1000;9853404150;S
20240315;102549;160.87;10;9853404151;S
20240315;102549;160.87;10;9853404152;S
20240315;102549;160.87;30;9853404153;S
20240315;102549;160.87;1000;9853404154;S
20240315;102552;160.88;30;9853405007;B
20240315;102600;160.87;100;9853408279;S
20240315;102601;160.87;100;9853408602;B
20240315;102602;160.86;10;9853408650;S
20240315;102602;160.86;140;9853408651;S
20240315;102602;160.85;30;9853408652;S
20240315;102602;160.85;70;9853408653;S
20240315;102602;160.85;100;9853408654;S
20240315;102602;160.85;10;9853408655;S
20240315;102602;160.85;10;9853408656;S
20240315;102602;160.85;10;9853408657;S
20240315;102602;160.85;10;9853408658;S
20240315;102602;160.85;100;9853408659;S
20240315;102602;160.85;10;9853408660;S
