<DATE>;<TIME>;<LAST>;<VOL>;<ID>;<OPER>
20240116;095942;163.200000000;30;9393884175;B
20240116;095942;163.200000000;10;9393884176;B
20240116;095942;163.200000000;20;9393884177;B
20240116;095942;163.200000000;10;9393884178;B
20240116;095942;163.200000000;10;9393884179;B
20240116;095942;163.200000000;70;9393884180;B
20240116;095942;163.200000000;10;9393884181;B
20240116;095942;163.200000000;10;9393884182;B
20240116;095942;163.200000000;50;9393884183;B
20240116;095942;163.200000000;10;9393884184;B
20240116;095942;163.200000000;30;9393884185;B
20240116;095942;163.200000000;10;9393884186;B
20240116;095942;163.200000000;10;9393884187;B
20240116;095942;163.200000000;90;9393884188;B
20240116;095942;163.200000000;70;9393884189;B
20240116;095942;163.200000000;20;9393884190;B
20240116;095942;163.200000000;10;9393884191;B
20240116;095942;163.200000000;10;9393884192;B
20240116;095942;163.200000000;60;9393884193;B
20240116;095942;163.200000000;140;9393884194;B
20240116;095942;163.200000000;10;9393884195;B
20240116;095942;163.200000000;10;9393884196;B
20240116;095942;163.200000000;50;9393884197;B
20240116;095942;163.200000000;10;9393884198;B
20240116;095942;163.200000000;20;9393884199;B
20240116;095942;163.200000000;100;9393884200;B
20240116;095942;163.200000000;10;9393884201;B
20240116;095942;163.200000000;10;9393884202;B
20240116;095942;163.200000000;20;9393884203;B
20240116;095942;163.200000000;10;9393884204;B
20240116;095942;163.200000000;30;9393884205;B
20240116;095942;163.200000000;30;9393884206;B
20240116;095942;163.200000000;10;9393884207;B
20240116;095942;163.200000000;30;9393884208;B
20240116;095942;163.200000000;20;9393884209;B
20240116;095942;163.200000000;10;9393884210;B
20240116;095942;163.200000000;10;9393884211;B
20240116;095942;163.200000000;10;9393884212;B
20240116;095942;163.200000000;70;9393884213;B
20240116;095942;163.200000000;10;9393884214;B
20240116;095942;163.200000000;40;9393884215;B
20240116;095942;163.200000000;10;9393884216;B
20240116;095942;163.200000000;40;9393884217;S
20240116;095942;163.200000000;10;9393884218;B
20240116;095942;163.200000000;90;9393884219;B
20240116;095942;163.200000000;100;9393884220;B
20240116;095942;163.200000000;800;9393884221;B
20240116;095942;163.200000000;30;9393884222;S
20240116;095942;163.200000000;120;9393884223;S
20240116;095942;163.200000000;10;9393884224;S
20240116;095942;163.200000000;10;9393884225;B
20240116;095942;163.200000000;10;9393884226;B
20240116;095942;163.200000000;100;9393884227;S
20240116;095942;163.200000000;30;9393884228;B
20240116;095942;163.200000000;70;9393884229;B
20240116;095942;163.200000000;30;9393884230;S
20240116;095942;163.200000000;10;9393884231;S
20240116;095942;163.200000000;10;9393884232;S
20240116;095942;163.200000000;10;9393884233;S
20240116;095942;163.200000000;10;9393884234;S
20240116;095942;163.200000000;10;9393884235;S
20240116;095942;163.200000000;10;9393884236;S
20240116;095942;163.200000000;10;9393884237;S
20240116;095942;163.200000000;530;9393884238;S
20240116;095942;163.200000000;100;9393884239;S
20240116;095942;163.200000000;20;9393884240;S
20240116;095942;163.200000000;140;9393884241;S
20240116;095942;163.200000000;240;9393884242;S
20240116;095942;163.200000000;1000;9393884243;S
20240116;095942;163.200000000;10;9393884244;S
20240116;095942;163.200000000;140;9393884245;S
20240116;095942;163.200000000;10;9393884246;S
20240116;095942;163.200000000;190;9393884247;S
20240116;095942;163.200000000;30;9393884248;S
20240116;095942;163.200000000;600;9393884249;S
20240116;095942;163.200000000;210;9393884250;S
20240116;095942;163.200000000;100;9393884251;S
20240116;095942;163.200000000;150;9393884252;S
20240116;095942;163.200000000;10;9393884253;S
20240116;095942;163.200000000;10;9393884254;S
20240116;095942;163.200000000;10;9393884255;S
20240116;095942;163.200000000;10;9393884256;S
20240116;095942;163.200000000;10;9393884257;S
20240116;095942;163.200000000;20;9393884258;S
20240116;095942;163.200000000;40;9393884259;S
20240116;095942;163.200000000;20;9393884260;S
20240116;095942;163.200000000;10;9393884261;S
20240116;095942;163.200000000;10;9393884262;S
20240116;095942;163.200000000;10;9393884263;S
20240116;095942;163.200000000;10;9393884264;S
20240116;095942;163.200000000;10;9393884265;S
20240116;095942;163.200000000;10;9393884266;S
20240116;095942;163.200000000;10;9393884267;S
20240116;095942;163.200000000;10;9393884268;S
20240116;095942;163.200000000;20;9393884269;S
20240116;095942;163.200000000;40;9393884270;S
20240116;095942;163.200000000;20;9393884271;S
20240116;095942;163.200000000;10;9393884272;S
20240116;095942;163.200000000;10;9393884273;S
20240116;095942;163.200000000;20;9393884274;S
20240116;095942;163.200000000;10;9393884275;S
20240116;095942;163.200000000;60;9393884276;S
20240116;095942;163.200000000;10;9393884277;S
20240116;095942;163.200000000;150;9393884278;S
20240116;095942;163.200000000;1000;9393884279;S
20240116;095942;163.200000000;30;9393884280;S
20240116;095942;163.200000000;20;9393884281;S
20240116;095942;163.200000000;10;9393884282;S
20240116;095942;163.200000000;20;9393884283;S
20240116;095942;163.200000000;10;9393884284;S
20240116;095942;163.200000000;800;9393884285;B
20240116;095942;163.200000000;10;9393884286;S
20240116;095942;163.200000000;10;9393884287;S
20240116;095942;163.200000000;10;9393884288;S
20240116;095942;163.200000000;50;9393884289;S
20240116;095942;163.200000000;10;9393884290;S
20240116;095942;163.200000000;100;9393884291;S
20240116;095942;163.200000000;20;9393884292;S
20240116;095942;163.200000000;100;9393884293;S
20240116;095942;163.200000000;10;9393884294;S
20240116;095942;163.200000000;10;9393884295;S
20240116;095942;163.200000000;200;9393884296;S
20240116;095942;163.200000000;200;9393884297;S
20240116;095942;163.200000000;100;9393884298;S
20240116;095942;163.200000000;10;9393884299;S
20240116;095942;163.200000000;20;9393884300;S
20240116;095942;163.200000000;100;9393884301;S
20240116;095942;163.200000000;10;9393884302;S
20240116;095942;163.200000000;50;9393884303;S
20240116;095942;163.200000000;10;9393884304;S
20240116;095942;163.200000000;10;9393884305;S
20240116;095942;163.200000000;70;9393884306;S
20240116;095942;163.200000000;10;9393884307;B
20240116;095942;163.200000000;10;9393884308;S
20240116;095942;163.200000000;170;9393884309;S
20240116;095942;163.200000000;10;9393884310;S
20240116;095942;163.200000000;10;9393884311;S
20240116;095942;163.200000000;10;9393884312;S
20240116;095942;163.200000000;10;9393884313;S
20240116;095942;163.200000000;20;9393884314;S
20240116;095942;163.200000000;10;9393884315;S
20240116;095942;163.200000000;10;9393884316;S
20240116;095942;163.200000000;10;9393884317;S
20240116;095942;163.200000000;10;9393884318;S
20240116;095942;163.200000000;100;9393884319;S
20240116;095942;163.200000000;10;9393884320;S
20240116;095942;163.200000000;10;9393884321;S
20240116;095942;163.200000000;10;9393884322;S
20240116;095942;163.200000000;10;9393884323;S
20240116;095942;163.200000000;10;9393884324;S
20240116;095942;163.200000000;10;9393884325;S
20240116;095942;163.200000000;10;9393884326;S
20240116;095942;163.200000000;100;9393884327;S
20240116;095942;163.200000000;10;9393884328;S
20240116;095942;163.200000000;50;9393884329;S
20240116;095942;163.200000000;10;9393884330;S
20240116;095942;163.200000000;10;9393884331;S
20240116;095942;163.200000000;10;9393884332;S
20240116;095942;163.200000000;500;9393884333;S
20240116;095942;163.200000000;10;9393884334;S
20240116;095942;163.200000000;500;9393884335;S
20240116;095942;163.200000000;30;9393884336;S
20240116;095942;163.200000000;20;9393884337;S
20240116;095942;163.200000000;10;9393884338;S
20240116;095942;163.200000000;10;9393884339;S
20240116;095942;163.200000000;30;9393884340;S
20240116;095942;163.200000000;40;9393884341;S
20240116;095942;163.200000000;10;9393884342;S
20240116;095942;163.200000000;10;9393884343;S
20240116;095942;163.200000000;150;9393884344;S
20240116;095942;163.200000000;10;9393884345;S
20240116;095942;163.200000000;120;9393884346;S
20240116;095942;163.200000000;50;9393884347;S
20240116;095942;163.200000000;10;9393884348;S
20240116;095942;163.200000000;10;9393884349;S
20240116;095942;163.200000000;10;9393884350;S
20240116;095942;163.200000000;10;9393884351;S
20240116;095942;163.200000000;30;9393884352;S
20240116;095942;163.200000000;10;9393884353;S
20240116;095942;163.200000000;10;9393884354;S
20240116;095942;163.200000000;10;9393884355;S
20240116;095942;163.200000000;400;9393884356;S
20240116;095942;163.200000000;60;9393884357;S
20240116;095942;163.200000000;10;9393884358;S
20240116;095942;163.200000000;10;9393884359;S
20240116;095942;163.200000000;10;9393884360;S
20240116;095942;163.200000000;10;9393884361;S
20240116;095942;163.200000000;50;9393884362;S
20240116;095942;163.200000000;100;9393884363;S
20240116;095942;163.200000000;20;9393884364;B
20240116;095942;163.200000000;50;9393884365;S
20240116;095942;163.200000000;1000;9393884366;S
20240116;095942;163.200000000;10;9393884367;S
20240116;095942;163.200000000;2770;9393884368;S
20240116;095942;163.200000000;50;9393884369;S
20240116;095942;163.200000000;10;9393884370;S
20240116;095942;163.200000000;2120;9393884371;S
20240116;095942;163.200000000;2860;9393884372;B
20240116;095942;163.200000000;20;9393884373;S
20240116;095942;163.200000000;70;9393884374;B
20240116;095942;163.200000000;10;9393884375;B
20240116;100000;163.280000000;20;9393889269;B
20240116;100000;163.280000000;280;9393889270;B
20240116;100000;163.280000000;10;9393889279;B
20240116;100000;163.290000000;90;9393889280;B
20240116;100000;163.290000000;110;9393889287;B
20240116;100000;163.290000000;490;9393889288;B
20240116;100000;163.290000000;700;9393889293;B
20240116;100000;163.290000000;300;9393889305;B
20240116;100000;163.290000000;300;9393889314;B
20240116;100000;163.290000000;1210;9393889410;B
20240116;100000;163.300000000;5000;9393889411;B
20240116;100000;163.300000000;5000;9393889412;B
20240116;100000;163.300000000;700;9393889413;B
20240116;100000;163.300000000;2500;9393889414;B
20240116;100000;163.320000000;50;9393889415;B
20240116;100000;163.320000000;20;9393889416;B
20240116;100000;163.330000000;100;9393889417;B
20240116;100000;163.330000000;370;9393889418;B
20240116;100000;163.330000000;400;9393889419;B
20240116;100000;163.330000000;300;9393889420;B
20240116;100000;163.340000000;30;9393889421;B
20240116;100000;163.340000000;10;9393889422;B
20240116;100000;163.340000000;10;9393889423;B
20240116;100000;163.340000000;10;9393889424;B
20240116;100000;163.340000000;10;9393889425;B
20240116;100000;163.340000000;10;9393889426;B
20240116;100000;163.340000000;40;9393889427;B
20240116;100000;163.340000000;40;9393889428;B
20240116;100000;163.340000000;30;9393889429;B
20240116;100000;163.340000000;190;9393889430;B
20240116;100000;163.340000000;20;9393889431;B
20240116;100000;163.340000000;10;9393889432;B
20240116;100000;163.340000000;20;9393889433;B
20240116;100000;163.340000000;20;9393889434;B
20240116;100000;163.340000000;90;9393889435;B
20240116;100000;163.340000000;950;9393889464;S
20240116;100000;163.350000000;10;9393889501;B
20240116;100000;163.350000000;10;9393889502;B
20240116;100000;163.340000000;50;9393889539;S
20240116;100000;163.340000000;10;9393889556;S
20240116;100000;163.370000000;1530;9393889584;B
20240116;100000;163.370000000;100;9393889585;B
20240116;100000;163.360000000;10;9393889655;S
20240116;100000;163.370000000;40;9393889668;S
20240116;100000;163.370000000;10;9393889674;S
20240116;100000;163.390000000;300;9393889765;B
20240116;100000;163.390000000;300;9393889770;B
20240116;100000;163.390000000;300;9393889773;B
20240116;100000;163.390000000;400;9393889780;B
20240116;100000;163.390000000;100;9393889784;B
20240116;100000;163.390000000;100;9393889793;B
20240116;100000;163.390000000;100;9393889799;B
20240116;100000;163.390000000;300;9393889803;B
20240116;100000;163.390000000;100;9393889806;B
20240116;100000;163.390000000;100;9393889817;B
20240116;100000;163.390000000;100;9393889823;B
20240116;100000;163.390000000;300;9393889826;B
20240116;100000;163.390000000;1500;9393889846;B
20240116;100000;163.380000000;70;9393889876;S
20240116;100000;163.380000000;140;9393889895;S
20240116;100000;163.390000000;60;9393889978;S
20240116;100000;163.400000000;100;9393890005;B
20240116;100000;163.400000000;2240;9393890044;B
20240116;100000;163.400000000;1160;9393890045;B
20240116;100000;163.450000000;130;9393890046;B
20240116;100000;163.450000000;250;9393890047;B
20240116;100000;163.460000000;190;9393890068;B
20240116;100001;163.450000000;300;9393890224;S
20240116;100001;163.450000000;2140;9393890225;S
20240116;100001;163.450000000;210;9393890226;S
20240116;100001;163.450000000;4270;9393890227;S
20240116;100001;163.450000000;130;9393890228;S
20240116;100001;163.450000000;1710;9393890235;S
20240116;100001;163.450000000;2140;9393890236;S
20240116;100001;163.450000000;300;9393890237;S
20240116;100001;163.450000000;210;9393890238;S
20240116;100001;163.420000000;60;9393890634;S
20240116;100002;163.450000000;40;9393891447;B
20240116;100002;163.450000000;40;9393891448;B
20240116;100002;163.450000000;40;9393891452;B
20240116;100002;163.450000000;40;9393891461;B
20240116;100002;163.450000000;40;9393891462;B
20240116;100002;163.450000000;40;9393891463;B
20240116;100004;163.440000000;10;9393892321;S
20240116;100004;163.450000000;50;9393892323;B
20240116;100004;163.440000000;40;9393892324;S
20240116;100004;163.450000000;10;9393892330;B
20240116;100004;163.450000000;10;9393892331;B
20240116;100004;163.450000000;10;9393892334;B
20240116;100004;163.450000000;10;9393892342;B
20240116;100005;163.450000000;10;9393893071;B
20240116;100005;163.450000000;10;9393893072;B
20240116;100005;163.440000000;10;9393893076;S
20240116;100005;163.440000000;10;9393893078;S
20240116;100005;163.450000000;10;9393893162;B
20240116;100005;163.450000000;30;9393893183;B
20240116;100005;163.440000000;10;9393893185;S
20240116;100005;163.450000000;10;9393893187;B
20240116;100005;163.440000000;10;9393893403;S
20240116;100005;163.450000000;20;9393893407;B
20240116;100005;163.450000000;10;9393893408;B
20240116;100005;163.450000000;10;9393893409;B
20240116;100005;163.450000000;10;9393893410;B
20240116;100005;163.440000000;10;9393893411;S
20240116;100005;163.440000000;70;9393893412;S
20240116;100005;163.440000000;10;9393893419;S
20240116;100005;163.450000000;20;9393893735;B
20240116;100005;163.440000000;30;9393893736;S
20240116;100005;163.440000000;60;9393893737;S
20240116;100005;163.440000000;10;9393893738;S
20240116;100005;163.450000000;20;9393893740;B
20240116;100005;163.450000000;10;9393894067;B
20240116;100005;163.440000000;10;9393894068;S
20240116;100005;163.450000000;10;9393894069;B
20240116;100005;163.440000000;1470;9393894108;S
20240116;100005;163.460000000;10;9393894157;B
20240116;100005;163.440000000;10;9393894293;S
20240116;100005;163.440000000;10;9393894296;S
20240116;100005;163.460000000;10;9393894302;B
20240116;100005;163.440000000;10;9393894307;S
20240116;100005;163.460000000;10;9393894308;B
20240116;100005;163.460000000;10;9393894309;B
20240116;100005;163.460000000;30;9393894476;B
20240116;100005;163.460000000;10;9393894539;B
20240116;100005;163.440000000;10;9393894543;S
20240116;100005;163.440000000;10;9393894699;S
20240116;100005;163.460000000;10;9393894700;B
20240116;100005;163.460000000;10;9393894701;B
20240116;100005;163.490000000;20;9393894702;B
20240116;100005;163.440000000;10;9393894703;S
20240116;100005;163.490000000;10;9393894806;B
20240116;100005;163.490000000;30;9393894809;B
20240116;100005;163.440000000;100;9393894811;S
20240116;100006;163.490000000;10;9393894975;B
20240116;100006;163.490000000;10;9393894976;B
20240116;100006;163.440000000;50;9393894977;S
20240116;100006;163.440000000;10;9393894979;S
20240116;100006;163.440000000;30;9393895019;S
20240116;100006;163.440000000;100;9393895111;S
20240116;100006;163.490000000;10;9393895113;B
20240116;100006;163.440000000;10;9393895116;S
20240116;100006;163.440000000;60;9393895573;S
20240116;100006;163.490000000;10;9393895575;B
20240116;100006;163.490000000;100;9393895576;B
20240116;100006;163.490000000;240;9393895577;B
20240116;100006;163.500000000;10;9393895578;B
20240116;100006;163.440000000;10;9393895579;S
20240116;100006;163.500000000;10;9393895581;B
20240116;100006;163.440000000;10;9393895583;S
20240116;100006;163.440000000;10;9393895584;S
20240116;100006;163.500000000;10;9393895585;B
20240116;100006;163.440000000;10;9393895587;S
20240116;100006;163.500000000;10;9393895589;B
20240116;100006;163.500000000;10;9393895634;B
20240116;100006;163.440000000;10;9393895641;S
20240116;100006;163.490000000;10;9393895644;B
20240116;100006;163.440000000;10;9393895646;S
20240116;100006;163.440000000;10;9393895690;S
20240116;100006;163.440000000;10;9393895698;S
20240116;100007;163.490000000;250;9393895951;B
20240116;100007;163.490000000;10;9393895953;B
20240116;100007;163.490000000;10;9393896168;B
20240116;100007;163.490000000;40;9393896169;B
20240116;100007;163.490000000;50;9393896170;B
20240116;100007;163.460000000;10;9393896171;S
20240116;100007;163.460000000;10;9393896245;S
20240116;100008;163.500000000;10;9393896940;B
20240116;100008;163.450000000;120;9393896941;S
20240116;100008;163.450000000;90;9393896942;S
20240116;100008;163.500000000;10;9393896943;B
20240116;100008;163.450000000;10;9393896944;S
20240116;100008;163.500000000;10;9393896945;B
20240116;100008;163.500000000;10;9393896946;B
20240116;100010;163.460000000;10;9393898927;B
20240116;100010;163.450000000;210;9393898929;B
20240116;100010;163.470000000;10;9393899014;B
20240116;100010;163.490000000;40;9393899053;B
20240116;100010;163.470000000;10;9393899120;B
20240116;100010;163.490000000;50;9393899160;B
20240116;100010;163.430000000;10;9393899234;S
20240116;100010;163.430000000;10;9393899255;S
20240116;100010;163.450000000;50;9393899362;S
20240116;100010;163.500000000;10;9393899496;B
20240116;100010;163.450000000;80;9393899516;S
20240116;100011;163.450000000;10;9393899833;S
20240116;100011;163.500000000;20;9393899872;B
20240116;100011;163.500000000;40;9393899979;B
20240116;100011;163.500000000;10;9393899980;B
20240116;100014;163.470000000;10;9393902081;S
20240116;100015;163.460000000;210;9393902243;S
20240116;100015;163.450000000;290;9393902244;S
20240116;100015;163.480000000;10;9393902384;B
20240116;100016;163.440000000;10;9393902500;S
20240116;100018;163.460000000;10;9393903089;B
20240116;100020;163.470000000;10;9393903591;B
20240116;100021;163.470000000;50;9393903642;B
20240116;100021;163.410000000;10;9393903815;S
20240116;100022;163.450000000;30;9393904155;B
20240116;100024;163.450000000;100;9393904553;S
20240116;100025;163.490000000;100;9393904689;B
20240116;100025;163.500000000;260;9393904690;B
20240116;100026;163.460000000;30;9393905029;S
20240116;100026;163.490000000;10;9393905179;B
20240116;100027;163.460000000;100;9393905663;S
20240116;100029;163.480000000;40;9393906777;S
20240116;100030;163.480000000;170;9393907013;S
20240116;100030;163.480000000;10;9393907105;S
20240116;100031;163.490000000;20;9393907253;B
20240116;100032;163.480000000;200;9393907437;S
20240116;100033;163.480000000;210;9393907665;S
20240116;100033;163.480000000;210;9393907666;S
20240116;100033;163.490000000;10;9393907739;B
20240116;100034;163.480000000;210;9393907744;S
20240116;100034;163.470000000;20;9393907818;S
20240116;100035;163.470000000;100;9393908081;S
20240116;100037;163.490000000;10;9393908492;B
20240116;100039;163.490000000;10;9393908945;B
20240116;100040;163.490000000;60;9393909033;B
20240116;100040;163.490000000;10;9393909123;B
20240116;100041;163.480000000;210;9393909382;S
20240116;100041;163.470000000;1080;9393909383;S
20240116;100041;163.470000000;210;9393909384;S
20240116;100041;163.460000000;80;9393909385;S
20240116;100041;163.460000000;300;9393909386;S
20240116;100041;163.450000000;210;9393909387;S
20240116;100041;163.450000000;10;9393909388;S
20240116;100041;163.450000000;20;9393909389;S
20240116;100041;163.440000000;210;9393909390;S
20240116;100041;163.430000000;210;9393909391;S
20240116;100041;163.430000000;2140;9393909392;S
20240116;100041;163.430000000;1320;9393909393;S
20240116;100042;163.430000000;10;9393909668;S
20240116;100044;163.440000000;30;9393910054;B
20240116;100045;163.440000000;210;9393910376;B
20240116;100045;163.430000000;200;9393910403;S
20240116;100046;163.420000000;210;9393910531;S
20240116;100046;163.420000000;10;9393910532;S
20240116;100046;163.410000000;200;9393910533;S
20240116;100046;163.400000000;210;9393910534;S
20240116;100046;163.400000000;40;9393910535;S
20240116;100046;163.400000000;10;9393910536;S
20240116;100046;163.390000000;210;9393910537;S
20240116;100046;163.390000000;300;9393910538;S
20240116;100046;163.380000000;210;9393910539;S
20240116;100046;163.380000000;2140;9393910540;S
20240116;100046;163.370000000;210;9393910541;S
20240116;100046;163.360000000;210;9393910542;S
20240116;100046;163.360000000;180;9393910543;S
20240116;100046;163.350000000;210;9393910544;S
20240116;100046;163.350000000;650;9393910545;S
20240116;100047;163.400000000;10;9393910787;B
20240116;100049;163.410000000;10;9393911189;B
20240116;100050;163.430000000;100;9393911368;B
20240116;100051;163.430000000;30;9393911576;B
20240116;100052;163.430000000;20;9393911761;B
20240116;100052;163.430000000;100;9393911788;B
20240116;100054;163.430000000;10;9393912282;B
20240116;100055;163.380000000;10;9393912556;S
20240116;100056;163.430000000;40;9393912695;B
20240116;100056;163.430000000;140;9393912696;B
20240116;100058;163.430000000;1000;9393913328;B
20240116;100102;163.410000000;180;9393924292;B
20240116;100102;163.410000000;300;9393924293;B
20240116;100102;163.420000000;20;9393924294;B
20240116;100107;163.420000000;30;9393924899;B
20240116;100110;163.420000000;20;9393925474;B
20240116;100111;163.410000000;10;9393925725;S
20240116;100111;163.390000000;140;9393925726;S
20240116;100113;163.410000000;10;9393925878;B
20240116;100113;163.390000000;10;9393925996;S
20240116;100117;163.400000000;740;9393926544;S
20240116;100117;163.390000000;30;9393926545;S
20240116;100119;163.410000000;300;9393926727;B
20240116;100119;163.410000000;490;9393926728;B
20240116;100121;163.400000000;30;9393927174;S
20240116;100123;163.410000000;100;9393927433;B
20240116;100124;163.410000000;60;9393927504;B
20240116;100129;163.410000000;140;9393928252;B
20240116;100129;163.420000000;60;9393928253;B
20240116;100131;163.410000000;20;9393928557;B
20240116;100133;163.400000000;10;9393928982;S
20240116;100133;163.390000000;30;9393929058;S
20240116;100133;163.390000000;360;9393929059;S
20240116;100133;163.380000000;110;9393929060;S
20240116;100136;163.410000000;280;9393929532;B
20240116;100136;163.410000000;50;9393929533;B
20240116;100138;163.410000000;300;9393929720;S
20240116;100140;163.410000000;370;9393930138;S
20240116;100141;163.400000000;10;9393930241;B
20240116;100142;163.400000000;10;9393930522;B
20240116;100144;163.400000000;110;9393930800;B
20240116;100144;163.400000000;190;9393930801;B
20240116;100145;163.390000000;210;9393930898;S
20240116;100145;163.390000000;180;9393930899;S
20240116;100145;163.390000000;10;9393930900;S
20240116;100145;163.380000000;90;9393930901;S
20240116;100145;163.380000000;1000;9393930902;S
20240116;100145;163.370000000;210;9393930903;S
20240116;100145;163.370000000;130;9393930904;S
20240116;100145;163.400000000;70;9393930920;B
20240116;100146;163.390000000;90;9393930947;S
20240116;100146;163.380000000;210;9393930948;S
20240116;100146;163.370000000;450;9393930949;S
20240116;100146;163.370000000;10;9393930950;S
20240116;100146;163.370000000;500;9393930951;S
20240116;100146;163.370000000;210;9393930952;S
20240116;100146;163.360000000;210;9393930953;S
20240116;100146;163.350000000;210;9393930954;S
20240116;100146;163.350000000;430;9393930955;S
20240116;100149;163.400000000;40;9393931491;B
20240116;100149;163.400000000;60;9393931492;B
20240116;100152;163.400000000;10;9393931874;B
20240116;100153;163.360000000;210;9393931926;S
20240116;100153;163.360000000;40;9393931927;S
20240116;100153;163.350000000;480;9393931928;S
20240116;100153;163.360000000;10;9393931988;S
20240116;100153;163.360000000;10;9393932011;S
20240116;100154;163.400000000;10;9393932044;B
20240116;100159;163.370000000;10;9393932786;B
20240116;100200;163.370000000;10;9393933020;B
20240116;100202;163.370000000;10;9393933223;B
20240116;100203;163.360000000;900;9393933282;S
20240116;100206;163.370000000;10;9393933841;B
20240116;100211;163.360000000;50;9393934470;S
20240116;100211;163.360000000;60;9393934471;S
20240116;100211;163.360000000;150;9393934472;S
20240116;100214;163.370000000;50;9393934944;B
20240116;100217;163.360000000;60;9393935353;S
20240116;100217;163.360000000;10;9393935354;S
20240116;100217;163.360000000;130;9393935355;S
20240116;100217;163.370000000;10;9393935455;B
20240116;100218;163.370000000;20;9393935600;B
20240116;100220;163.370000000;110;9393935825;B
20240116;100227;163.370000000;30;9393936831;B
20240116;100227;163.360000000;870;9393936858;S
20240116;100227;163.350000000;40;9393936915;S
20240116;100228;163.360000000;40;9393936984;B
20240116;100229;163.350000000;960;9393937251;S
20240116;100229;163.350000000;10;9393937252;S
20240116;100229;163.350000000;200;9393937253;S
20240116;100229;163.350000000;300;9393937254;S
20240116;100229;163.340000000;3530;9393937255;S
20240116;100230;163.350000000;10;9393937334;B
20240116;100233;163.350000000;500;9393937682;B
20240116;100233;163.340000000;4000;9393937710;S
20240116;100233;163.350000000;10;9393937738;B
20240116;100236;163.340000000;40;9393938142;S
20240116;100237;163.340000000;500;9393938406;S
20240116;100239;163.340000000;1230;9393938777;S
20240116;100240;163.350000000;10;9393938816;B
20240116;100241;163.340000000;20;9393939127;S
20240116;100241;163.350000000;100;9393939146;B
20240116;100245;163.340000000;520;9393939748;S
20240116;100245;163.350000000;200;9393939793;B
20240116;100249;163.360000000;30;9393940293;B
20240116;100250;163.360000000;3060;9393940562;B
20240116;100254;163.350000000;300;9393941010;S
20240116;100254;163.350000000;200;9393941011;S
20240116;100254;163.360000000;10;9393941020;B
20240116;100256;163.360000000;10;9393941341;B
20240116;100256;163.350000000;400;9393941468;S
20240116;100258;163.360000000;100;9393941720;B
20240116;100258;163.360000000;20;9393941762;B
20240116;100259;163.360000000;10;9393942018;B
20240116;100300;163.350000000;400;9393942055;S
20240116;100300;163.350000000;10;9393942056;S
20240116;100300;163.350000000;270;9393942057;S
20240116;100300;163.350000000;10;9393942058;S
20240116;100300;163.340000000;10;9393942104;S
20240116;100303;163.350000000;10;9393942569;B
20240116;100303;163.340000000;10;9393942602;S
20240116;100309;163.350000000;40;9393943806;B
20240116;100310;163.350000000;30;9393943960;B
20240116;100311;163.350000000;80;9393944130;B
20240116;100311;163.350000000;120;9393944131;B
20240116;100312;163.340000000;1000;9393944406;S
20240116;100313;163.340000000;2000;9393944407;S
20240116;100315;163.340000000;10;9393944722;S
20240116;100320;163.340000000;30;9393945630;S
20240116;100321;163.350000000;10;9393945721;B
20240116;100322;163.350000000;10;9393945809;B
20240116;100322;163.350000000;20;9393945829;B
20240116;100322;163.350000000;90;9393945832;B
20240116;100323;163.340000000;1000;9393946067;S
20240116;100324;163.350000000;30;9393946261;B
20240116;100325;163.340000000;60;9393946371;S
20240116;100325;163.350000000;10;9393946437;B
20240116;100330;163.350000000;2000;9393947148;B
20240116;100333;163.350000000;500;9393947540;B
20240116;100333;163.340000000;500;9393947547;S
20240116;100336;163.350000000;40;9393948017;B
20240116;100336;163.350000000;10;9393948097;B
20240116;100337;163.350000000;160;9393948209;B
20240116;100337;163.350000000;1420;9393948210;B
20240116;100337;163.350000000;30;9393948211;B
20240116;100339;163.350000000;700;9393948584;S
20240116;100341;163.360000000;1000;9393948695;B
20240116;100341;163.360000000;120;9393948696;B
20240116;100341;163.360000000;100;9393948697;B
20240116;100341;163.370000000;740;9393948698;B
20240116;100341;163.370000000;3640;9393948699;B
20240116;100342;163.350000000;10;9393948818;S
20240116;100343;163.370000000;540;9393948925;B
20240116;100345;163.350000000;10;9393949255;S
20240116;100345;163.350000000;170;9393949341;S
20240116;100345;163.350000000;10;9393949342;S
20240116;100345;163.350000000;210;9393949343;S
20240116;100345;163.350000000;100;9393949344;S
20240116;100345;163.350000000;150;9393949345;S
20240116;100345;163.350000000;10;9393949346;S
20240116;100349;163.350000000;10;9393949820;B
20240116;100351;163.340000000;5000;9393950208;S
20240116;100351;163.340000000;1000;9393950210;S
20240116;100353;163.340000000;1500;9393950347;S
20240116;100356;163.350000000;20;9393950747;B
20240116;100402;163.340000000;5000;9393951705;S
20240116;100405;163.350000000;10;9393952376;B
20240116;100408;163.340000000;200;9393953051;S
20240116;100410;163.350000000;10;9393953746;B
20240116;100413;163.340000000;1250;9393954343;S
20240116;100414;163.350000000;10;9393954657;B
20240116;100415;163.340000000;8880;9393954969;S
20240116;100415;163.350000000;50;9393955047;B
20240116;100416;163.350000000;200;9393955137;B
20240116;100418;163.350000000;20;9393955536;B
20240116;100419;163.350000000;10;9393955835;B
20240116;100420;163.340000000;60;9393956000;S
20240116;100421;163.350000000;10;9393956127;B
20240116;100423;163.340000000;1200;9393956631;S
20240116;100424;163.340000000;20;9393956680;S
20240116;100427;163.340000000;40;9393957374;S
20240116;100429;163.340000000;20;9393957522;S
20240116;100430;163.340000000;2000;9393957865;S
20240116;100430;163.340000000;1000;9393957866;S
20240116;100430;163.340000000;800;9393957867;S
20240116;100430;163.340000000;1000;9393957868;S
20240116;100430;163.340000000;2000;9393957869;S
20240116;100430;163.340000000;300;9393957870;S
20240116;100430;163.340000000;700;9393957871;S
20240116;100430;163.340000000;500;9393957872;S
20240116;100430;163.340000000;2000;9393957873;S
20240116;100430;163.340000000;2000;9393957874;S
20240116;100430;163.340000000;2000;9393957875;S
20240116;100432;163.350000000;10;9393958133;B
20240116;100432;163.350000000;40;9393958137;B
20240116;100433;163.340000000;24000;9393958200;S
20240116;100433;163.340000000;200;9393958231;S
20240116;100433;163.340000000;1500;9393958378;S
20240116;100433;163.340000000;10;9393958393;S
20240116;100434;163.340000000;10120;9393958446;S
20240116;100434;163.340000000;1000;9393958447;S
20240116;100434;163.340000000;1000;9393958448;S
20240116;100434;163.340000000;1000;9393958449;S
20240116;100434;163.340000000;1000;9393958450;S
20240116;100434;163.340000000;20;9393958451;S
20240116;100434;163.340000000;20;9393958489;S
20240116;100434;163.340000000;10;9393958490;S
20240116;100434;163.340000000;10;9393958524;S
20240116;100434;163.340000000;10;9393958525;S
20240116;100434;163.340000000;50;9393958526;S
20240116;100434;163.340000000;200;9393958527;S
20240116;100434;163.340000000;100;9393958528;S
20240116;100434;163.340000000;10;9393958529;S
20240116;100434;163.340000000;20;9393958530;S
20240116;100434;163.340000000;10;9393958531;S
20240116;100434;163.300000000;10;9393958534;S
20240116;100434;163.300000000;20;9393958535;S
20240116;100434;163.300000000;100;9393958536;S
20240116;100434;163.300000000;100;9393958537;S
20240116;100434;163.300000000;10;9393958538;S
20240116;100434;163.300000000;10;9393958539;S
20240116;100434;163.300000000;40;9393958540;S
20240116;100438;163.280000000;10;9393959198;S
20240116;100438;163.280000000;100;9393959199;S
20240116;100438;163.280000000;90;9393959200;S
20240116;100438;163.300000000;20;9393959211;B
20240116;100439;163.280000000;90;9393959267;S
20240116;100439;163.280000000;4000;9393959268;S
20240116;100439;163.270000000;250;9393959269;S
20240116;100439;163.270000000;10;9393959270;S
20240116;100439;163.250000000;370;9393959271;S
20240116;100439;163.250000000;1830;9393959272;S
20240116;100439;163.240000000;210;9393959273;S
20240116;100439;163.240000000;300;9393959274;S
20240116;100439;163.230000000;210;9393959275;S
20240116;100439;163.230000000;930;9393959276;S
20240116;100439;163.230000000;90;9393959277;S
20240116;100439;163.230000000;1190;9393959278;S
20240116;100439;163.220000000;520;9393959279;S
20240116;100439;163.220000000;5000;9393959281;S
20240116;100439;163.220000000;160;9393959284;S
20240116;100439;163.250000000;10;9393959297;S
20240116;100439;163.220000000;1010;9393959298;S
20240116;100439;163.280000000;20;9393959355;B
20240116;100439;163.220000000;10;9393959356;S
20240116;100439;163.220000000;20;9393959357;S
20240116;100439;163.230000000;10;9393959358;S
20240116;100439;163.230000000;20;9393959359;S
20240116;100439;163.250000000;10;9393959437;S
20240116;100439;163.220000000;1280;9393959438;S
20240116;100439;163.220000000;210;9393959439;S
20240116;100439;163.220000000;10;9393959440;S
20240116;100439;163.220000000;300;9393959441;S
20240116;100439;163.210000000;550;9393959442;S
20240116;100439;163.220000000;100;9393959444;S
20240116;100439;163.220000000;110;9393959445;S
20240116;100439;163.220000000;230;9393959446;S
20240116;100439;163.280000000;1000;9393959503;B
20240116;100440;163.260000000;10;9393959504;S
20240116;100440;163.260000000;70;9393959505;S
20240116;100440;163.250000000;10;9393959506;S
20240116;100440;163.220000000;40;9393959507;S
20240116;100440;163.220000000;300;9393959521;S
20240116;100440;163.210000000;50;9393959522;S
20240116;100440;163.210000000;10;9393959523;S
20240116;100440;163.210000000;210;9393959524;S
20240116;100440;163.200000000;2090;9393959525;S
20240116;100440;163.200000000;90;9393959526;S
20240116;100440;163.200000000;2250;9393959527;S
20240116;100440;163.210000000;10;9393959543;S
20240116;100440;163.270000000;90;9393959560;B
20240116;100440;163.210000000;10;9393959617;S
20240116;100440;163.260000000;10;9393959624;S
20240116;100440;163.220000000;100;9393959668;S
20240116;100441;163.250000000;10;9393959712;S
20240116;100441;163.210000000;350;9393959713;S
20240116;100441;163.210000000;40;9393959714;S
20240116;100441;163.210000000;300;9393959715;S
20240116;100441;163.200000000;9300;9393959716;S
20240116;100441;163.210000000;150;9393959725;S
20240116;100441;163.210000000;10;9393959864;S
20240116;100444;163.220000000;10;9393960220;S
20240116;100445;163.240000000;10;9393960420;B
20240116;100445;163.250000000;260;9393960421;B
20240116;100448;163.230000000;10;9393960948;B
20240116;100450;163.260000000;10;9393961266;B
20240116;100453;163.220000000;10;9393961640;S
20240116;100454;163.260000000;40;9393961876;B
20240116;100457;163.270000000;10;9393963084;B
20240116;100457;163.220000000;200;9393963155;S
20240116;100458;163.220000000;10;9393963388;S
20240116;100502;163.240000000;60;9393963807;B
20240116;100502;163.240000000;10;9393963879;B
20240116;100503;163.230000000;550;9393964048;S
20240116;100503;163.220000000;1680;9393964049;S
20240116;100508;163.230000000;10;9393965106;B
20240116;100508;163.230000000;50;9393965126;B
20240116;100508;163.230000000;150;9393965133;B
20240116;100515;163.230000000;10;9393966788;B
20240116;100517;163.230000000;20;9393966949;B
20240116;100520;163.220000000;110;9393967393;S
20240116;100520;163.220000000;390;9393967394;S
20240116;100522;163.230000000;100;9393967805;B
20240116;100522;163.230000000;20;9393967836;B
20240116;100523;163.220000000;500;9393968104;S
20240116;100524;163.220000000;110;9393968321;S
20240116;100524;163.220000000;10;9393968322;S
20240116;100524;163.210000000;10;9393968323;S
20240116;100524;163.210000000;10;9393968324;S
20240116;100525;163.220000000;1000;9393968434;B
20240116;100528;163.230000000;10;9393968816;B
20240116;100529;163.210000000;300;9393969036;S
20240116;100529;163.220000000;100;9393969129;B
20240116;100530;163.220000000;40;9393969133;B
20240116;100530;163.210000000;10;9393969159;S
20240116;100532;163.210000000;180;9393969625;S
20240116;100532;163.210000000;20;9393969626;S
20240116;100534;163.210000000;10;9393969955;B
20240116;100538;163.200000000;10;9393970503;S
20240116;100539;163.200000000;40;9393970677;S
20240116;100540;163.200000000;320;9393970881;S
20240116;100541;163.200000000;300;9393971041;S
20240116;100542;163.200000000;110;9393971145;S
20240116;100543;163.200000000;7000;9393971259;S
20240116;100543;163.200000000;7580;9393971260;S
20240116;100543;163.200000000;7580;9393971261;S
20240116;100545;163.210000000;200;9393971581;B
20240116;100545;163.200000000;10;9393971600;S
20240116;100545;163.200000000;500;9393971764;S
20240116;100548;163.210000000;2010;9393972129;B
20240116;100548;163.200000000;10;9393972205;S
20240116;100549;163.210000000;10;9393972228;B
20240116;100549;163.210000000;100;9393972369;B
20240116;100552;163.200000000;60;9393972781;S
20240116;100552;163.210000000;3570;9393972782;B
20240116;100552;163.200000000;1000;9393972833;S
20240116;100553;163.200000000;120;9393972994;S
20240116;100555;163.200000000;300;9393973118;S
20240116;100555;163.210000000;10;9393973222;B
20240116;100556;163.200000000;110;9393973338;S
20240116;100557;163.200000000;600;9393973369;S
20240116;100557;163.200000000;10;9393973471;S
20240116;100559;163.200000000;20;9393973636;S
20240116;100559;163.210000000;1430;9393973675;B
20240116;100559;163.210000000;70;9393973676;B
20240116;100559;163.210000000;130;9393973678;B
20240116;100559;163.210000000;570;9393973679;B
20240116;100559;163.210000000;10;9393973743;B
20240116;100600;163.210000000;20;9393973786;B
20240116;100601;163.200000000;200;9393973870;S
20240116;100601;163.210000000;10;9393973973;B
20240116;100603;163.210000000;20;9393974163;B
20240116;100606;163.200000000;500;9393974745;S
20240116;100607;163.210000000;940;9393975056;B
20240116;100607;163.230000000;70;9393975057;B
20240116;100607;163.250000000;200;9393975058;B
20240116;100607;163.250000000;560;9393975059;B
20240116;100607;163.260000000;100;9393975079;B
20240116;100614;163.280000000;10;9393976124;B
20240116;100614;163.240000000;500;9393976150;S
20240116;100614;163.230000000;500;9393976151;S
20240116;100617;163.210000000;20;9393976409;S
20240116;100619;163.270000000;20;9393976628;B
20240116;100620;163.210000000;980;9393976864;S
20240116;100620;163.210000000;160;9393976865;S
20240116;100620;163.210000000;10;9393976866;S
20240116;100620;163.210000000;500;9393976867;S
20240116;100620;163.200000000;350;9393976868;S
20240116;100621;163.260000000;40;9393976989;B
20240116;100625;163.220000000;10;9393977541;S
20240116;100626;163.270000000;130;9393977561;B
20240116;100628;163.260000000;10;9393977942;B
20240116;100628;163.220000000;300;9393977995;S
20240116;100628;163.210000000;1700;9393977996;S
20240116;100628;163.220000000;170;9393978020;S
20240116;100630;163.260000000;10;9393978223;B
20240116;100633;163.270000000;300;9393978674;B
20240116;100633;163.270000000;2140;9393978675;B
20240116;100633;163.270000000;100;9393978676;B
20240116;100633;163.270000000;1090;9393978677;B
20240116;100633;163.270000000;300;9393978706;B
20240116;100634;163.270000000;140;9393978819;S
20240116;100634;163.270000000;1000;9393978824;B
20240116;100634;163.280000000;10;9393978891;B
20240116;100634;163.280000000;2140;9393978892;B
20240116;100637;163.290000000;10;9393979207;B
20240116;100644;163.260000000;10;9393980515;S
20240116;100645;163.260000000;20;9393980620;S
20240116;100645;163.240000000;10;9393980621;S
20240116;100645;163.230000000;70;9393980622;S
20240116;100645;163.220000000;100;9393980623;S
20240116;100646;163.240000000;10;9393980724;S
20240116;100649;163.240000000;180;9393981021;S
20240116;100651;163.240000000;10;9393981266;B
20240116;100651;163.230000000;10;9393981273;S
20240116;100652;163.240000000;150;9393981465;B
20240116;100655;163.230000000;990;9393982204;S
20240116;100655;163.230000000;30;9393982205;S
20240116;100657;163.230000000;780;9393982470;B
20240116;100657;163.250000000;100;9393982471;B
20240116;100657;163.260000000;320;9393982472;B
20240116;100658;163.220000000;240;9393982615;S
20240116;100658;163.220000000;30;9393982616;S
20240116;100658;163.220000000;240;9393982617;S
20240116;100700;163.260000000;20;9393983083;B
20240116;100701;163.250000000;710;9393983157;S
20240116;100701;163.220000000;40;9393983158;S
20240116;100704;163.230000000;40;9393983754;B
20240116;100704;163.240000000;20;9393983755;B
20240116;100704;163.240000000;10;9393983798;B
20240116;100706;163.240000000;10;9393983957;B
20240116;100708;163.220000000;20;9393984273;S
20240116;100708;163.210000000;10;9393984274;S
20240116;100708;163.230000000;30;9393984356;B
20240116;100710;163.220000000;100;9393984598;S
20240116;100710;163.230000000;360;9393984639;B
20240116;100712;163.240000000;10;9393984931;B
20240116;100714;163.220000000;10;9393985155;S
20240116;100714;163.220000000;10;9393985156;S
20240116;100714;163.220000000;10;9393985157;S
20240116;100715;163.220000000;30;9393985328;B
20240116;100718;163.210000000;200;9393985742;S
20240116;100722;163.210000000;180;9393986470;S
20240116;100724;163.220000000;150;9393986698;B
20240116;100724;163.220000000;790;9393986742;B
20240116;100724;163.220000000;210;9393986743;B
20240116;100724;163.220000000;10;9393986763;B
20240116;100726;163.220000000;580;9393986934;B
20240116;100726;163.230000000;800;9393986935;B
20240116;100726;163.230000000;80;9393986936;B
20240116;100728;163.240000000;60;9393987202;B
20240116;100729;163.230000000;60;9393987297;S
20240116;100732;163.240000000;60;9393987931;B
20240116;100734;163.240000000;10;9393988171;B
20240116;100739;163.240000000;20;9393988741;B
20240116;100739;163.240000000;10;9393988755;B
20240116;100739;163.230000000;3000;9393988823;S
20240116;100740;163.240000000;110;9393988948;B
20240116;100741;163.240000000;10;9393989217;B
20240116;100743;163.240000000;10;9393989368;B
20240116;100743;163.240000000;500;9393989512;B
20240116;100747;163.240000000;1000;9393989957;B
20240116;100748;163.230000000;40;9393990050;S
20240116;100749;163.230000000;50;9393990288;S
20240116;100753;163.230000000;200;9393990843;S
20240116;100757;163.240000000;60;9393991382;B
20240116;100758;163.240000000;200;9393991449;B
20240116;100806;163.240000000;10;9393992618;B
20240116;100807;163.240000000;10;9393992705;B
20240116;100811;163.230000000;190;9393993090;S
20240116;100811;163.230000000;20;9393993091;S
20240116;100812;163.240000000;100;9393993182;B
20240116;100812;163.240000000;500;9393993208;B
20240116;100817;163.230000000;50;9393993761;S
20240116;100817;163.240000000;10;9393993775;B
20240116;100819;163.230000000;20;9393994004;S
20240116;100820;163.230000000;310;9393994088;S
20240116;100820;163.230000000;190;9393994089;S
20240116;100820;163.230000000;270;9393994090;S
20240116;100820;163.240000000;10;9393994208;B
20240116;100829;163.240000000;20;9393995366;B
20240116;100831;163.240000000;30;9393995765;B
20240116;100832;163.240000000;1730;9393995947;B
20240116;100832;163.240000000;500;9393995948;B
20240116;100832;163.240000000;250;9393995949;B
20240116;100832;163.240000000;220;9393995950;B
20240116;100832;163.240000000;40;9393995951;B
20240116;100832;163.240000000;10;9393995952;B
20240116;100832;163.240000000;10;9393995953;B
20240116;100832;163.240000000;10;9393995954;B
20240116;100832;163.240000000;10;9393995955;B
20240116;100832;163.240000000;10;9393995956;B
20240116;100832;163.240000000;10;9393995957;B
20240116;100832;163.240000000;30;9393995958;B
20240116;100832;163.240000000;10;9393995959;B
20240116;100832;163.240000000;10;9393995960;B
20240116;100832;163.240000000;10;9393995961;B
20240116;100832;163.240000000;1000;9393995962;B
20240116;100833;163.250000000;10;9393996005;B
20240116;100836;163.250000000;500;9393996431;B
20240116;100837;163.250000000;20;9393996556;B
20240116;100841;163.250000000;910;9393997129;B
20240116;100841;163.240000000;2740;9393997191;S
20240116;100841;163.240000000;1000;9393997192;S
20240116;100841;163.230000000;2950;9393997193;S
20240116;100841;163.230000000;310;9393997194;S
20240116;100842;163.230000000;10;9393997265;S
20240116;100842;163.230000000;10;9393997307;S
20240116;100847;163.230000000;270;9393998173;S
20240116;100847;163.230000000;10;9393998174;S
20240116;100847;163.230000000;20;9393998175;S
20240116;100848;163.230000000;80;9393998283;S
20240116;100848;163.230000000;50;9393998284;S
20240116;100855;163.230000000;170;9393999211;S
20240116;100855;163.220000000;20;9393999212;S
20240116;100855;163.220000000;10;9393999213;S
20240116;100855;163.210000000;10;9393999214;S
20240116;100855;163.210000000;40;9393999215;S
20240116;100855;163.220000000;10;9393999265;B
20240116;100856;163.210000000;80;9393999288;S
20240116;100856;163.210000000;700;9393999289;S
20240116;100856;163.210000000;20;9393999290;S
20240116;100856;163.210000000;100;9393999291;S
20240116;100856;163.210000000;60;9393999292;S
20240116;100856;163.210000000;10;9393999293;S
20240116;100856;163.210000000;30;9393999349;B
20240116;100856;163.210000000;1000;9393999350;B
20240116;100856;163.210000000;1000;9393999351;B
20240116;100856;163.210000000;800;9393999352;B
20240116;100856;163.220000000;990;9393999353;B
20240116;100856;163.220000000;800;9393999354;B
20240116;100856;163.230000000;230;9393999355;B
20240116;100856;163.230000000;300;9393999356;B
20240116;100856;163.230000000;1020;9393999357;B
20240116;100858;163.240000000;10;9393999573;B
20240116;100859;163.230000000;70;9393999712;S
20240116;100859;163.230000000;10;9393999751;S
20240116;100859;163.230000000;10;9393999761;S
20240116;100902;163.230000000;220;9394000253;S
20240116;100908;163.230000000;1080;9394001037;S
20240116;100909;163.240000000;40;9394001118;B
20240116;100909;163.240000000;100;9394001183;B
20240116;100910;163.240000000;10;9394001239;B
20240116;100910;163.230000000;240;9394001274;S
20240116;100911;163.240000000;10;9394001333;B
20240116;100913;163.240000000;10;9394001583;B
20240116;100913;163.230000000;480;9394001633;S
20240116;100918;163.240000000;50;9394002203;B
20240116;100918;163.240000000;10;9394002204;B
20240116;100918;163.240000000;1000;9394002205;B
20240116;100920;163.250000000;10;9394002525;B
20240116;100920;163.240000000;120;9394002529;S
20240116;100926;163.240000000;940;9394003283;S
20240116;100926;163.250000000;1500;9394003311;B
20240116;100927;163.270000000;10;9394003503;B
20240116;100930;163.270000000;10;9394003755;B
20240116;100930;163.270000000;10;9394003759;B
20240116;100930;163.260000000;1000;9394003781;S
20240116;100930;163.260000000;800;9394003782;S
20240116;100930;163.260000000;1000;9394003783;S
20240116;100930;163.250000000;200;9394003784;S
20240116;100935;163.260000000;20;9394004532;S
20240116;100943;163.270000000;20;9394005440;B
20240116;100944;163.260000000;200;9394005553;S
20240116;100944;163.270000000;10;9394005632;B
20240116;100944;163.260000000;780;9394005633;S
20240116;100944;163.260000000;220;9394005634;S
20240116;100945;163.260000000;10;9394005672;S
20240116;100945;163.270000000;20;9394005717;B
20240116;100947;163.260000000;100;9394005892;S
20240116;100954;163.270000000;60;9394006924;B
20240116;100958;163.270000000;90;9394007455;S
20240116;100958;163.270000000;110;9394007456;S
20240116;100958;163.260000000;670;9394007474;S
20240116;100958;163.250000000;600;9394007475;S
20240116;100959;163.250000000;360;9394007545;S
20240116;101001;163.250000000;1200;9394007785;S
20240116;101004;163.250000000;120;9394008236;S
20240116;101005;163.250000000;10;9394008282;S
20240116;101005;163.250000000;10;9394008298;S
20240116;101006;163.250000000;10;9394008439;S
20240116;101009;163.250000000;5990;9394008904;S
20240116;101009;163.250000000;10;9394008905;S
20240116;101009;163.250000000;100;9394008906;S
20240116;101009;163.250000000;10;9394008907;S
20240116;101009;163.250000000;10;9394008908;S
20240116;101009;163.250000000;520;9394008909;S
20240116;101009;163.240000000;7880;9394008910;S
20240116;101009;163.240000000;10;9394008911;S
20240116;101009;163.240000000;3000;9394008912;S
20240116;101009;163.240000000;600;9394008913;S
20240116;101009;163.230000000;11720;9394008914;S
20240116;101009;163.230000000;130;9394008915;S
20240116;101009;163.230000000;1000;9394008916;S
20240116;101009;163.230000000;10;9394008917;S
20240116;101009;163.220000000;20;9394008918;S
20240116;101009;163.210000000;10;9394008919;S
20240116;101009;163.210000000;50;9394008920;S
20240116;101009;163.210000000;500;9394008921;S
20240116;101009;163.210000000;50;9394008922;S
20240116;101009;163.200000000;10;9394008925;S
20240116;101009;163.200000000;10;9394008926;S
20240116;101009;163.200000000;10;9394008927;S
20240116;101009;163.200000000;30;9394008928;S
20240116;101009;163.200000000;10;9394008929;S
20240116;101009;163.200000000;50;9394008930;S
20240116;101009;163.200000000;20;9394008931;S
20240116;101009;163.200000000;100;9394008932;S
20240116;101009;163.200000000;200;9394008933;S
20240116;101009;163.200000000;10;9394008934;S
20240116;101009;163.200000000;10;9394008935;S
20240116;101009;163.200000000;10;9394008936;S
20240116;101009;163.200000000;110;9394008937;S
20240116;101009;163.200000000;40;9394008938;S
20240116;101009;163.200000000;200;9394008939;S
20240116;101009;163.200000000;10;9394008940;S
20240116;101009;163.200000000;10;9394008941;S
20240116;101009;163.200000000;20;9394008942;S
20240116;101009;163.200000000;100;9394008943;S
20240116;101009;163.200000000;20;9394008944;S
20240116;101009;163.200000000;10;9394008945;S
20240116;101009;163.200000000;550;9394008946;S
20240116;101009;163.200000000;10;9394008947;S
20240116;101009;163.200000000;10;9394008948;S
20240116;101009;163.200000000;10;9394008949;S
20240116;101009;163.200000000;20;9394008950;S
20240116;101009;163.200000000;100;9394008951;S
20240116;101009;163.200000000;10;9394008952;S
20240116;101009;163.200000000;10;9394008953;S
20240116;101009;163.200000000;1000;9394008954;S
20240116;101009;163.200000000;1000;9394008955;S
20240116;101009;163.200000000;300;9394008956;S
20240116;101009;163.200000000;100;9394008957;S
20240116;101009;163.200000000;10;9394008958;S
20240116;101009;163.200000000;1000;9394008959;S
20240116;101009;163.200000000;540;9394008960;S
20240116;101009;163.200000000;10;9394008961;S
20240116;101009;163.200000000;10;9394008962;S
20240116;101009;163.200000000;10;9394008963;S
20240116;101009;163.200000000;20;9394008964;S
20240116;101009;163.200000000;2250;9394008965;S
20240116;101009;163.200000000;20;9394008966;S
20240116;101009;163.200000000;50;9394008967;S
20240116;101009;163.200000000;8030;9394008968;S
20240116;101009;163.200000000;1970;9394008969;S
20240116;101009;163.190000000;10;9394008970;S
20240116;101009;163.190000000;10;9394008971;S
20240116;101009;163.190000000;10;9394008972;S
20240116;101009;163.190000000;10;9394008973;S
20240116;101009;163.190000000;10;9394008974;S
20240116;101009;163.180000000;10;9394008975;S
20240116;101009;163.180000000;10;9394008976;S
20240116;101009;163.180000000;10;9394008977;S
20240116;101009;163.180000000;200;9394008978;S
20240116;101009;163.170000000;200;9394008980;S
20240116;101009;163.170000000;10;9394008981;S
20240116;101009;163.170000000;10;9394008982;S
20240116;101009;163.170000000;10;9394008983;S
20240116;101009;163.160000000;10;9394008984;S
20240116;101009;163.160000000;10;9394008985;S
20240116;101009;163.160000000;10;9394008986;S
20240116;101009;163.160000000;120;9394008987;S
20240116;101009;163.160000000;100;9394008988;S
20240116;101009;163.160000000;200;9394008989;S
20240116;101009;163.160000000;50;9394008990;S
20240116;101009;163.150000000;100;9394008991;S
20240116;101009;163.150000000;10;9394008992;S
20240116;101009;163.150000000;10;9394008993;S
20240116;101009;163.150000000;50;9394008994;S
20240116;101009;163.150000000;20;9394008995;S
20240116;101009;163.150000000;10;9394008996;S
20240116;101009;163.150000000;70;9394008997;S
20240116;101009;163.150000000;170;9394008998;S
20240116;101009;163.150000000;420;9394008999;S
20240116;101009;163.150000000;180;9394009000;S
20240116;101009;163.150000000;100;9394009010;S
20240116;101009;163.150000000;220;9394009055;S
20240116;101009;163.150000000;10;9394009056;S
20240116;101009;163.140000000;20;9394009057;S
20240116;101009;163.140000000;10;9394009058;S
20240116;101009;163.140000000;270;9394009059;S
20240116;101009;163.140000000;610;9394009073;S
20240116;101009;163.140000000;300;9394009080;S
20240116;101009;163.140000000;120;9394009083;S
20240116;101009;163.140000000;600;9394009084;S
20240116;101009;163.140000000;6100;9394009086;S
20240116;101009;163.140000000;10;9394009087;S
20240116;101009;163.130000000;10;9394009088;S
20240116;101009;163.130000000;10;9394009089;S
20240116;101009;163.130000000;10;9394009090;S
20240116;101009;163.120000000;200;9394009091;S
20240116;101009;163.120000000;10;9394009092;S
20240116;101009;163.120000000;1000;9394009093;S
20240116;101009;163.120000000;20;9394009094;S
20240116;101009;163.120000000;2630;9394009095;S
20240116;101009;163.120000000;150;9394009096;S
20240116;101009;163.120000000;2860;9394009097;S
20240116;101009;163.110000000;460;9394009098;S
20240116;101009;163.110000000;40;9394009119;S
20240116;101009;163.110000000;10;9394009120;S
20240116;101009;163.110000000;100;9394009121;S
20240116;101009;163.110000000;10;9394009122;S
20240116;101009;163.110000000;10;9394009123;S
20240116;101009;163.110000000;100;9394009124;S
20240116;101009;163.110000000;300;9394009125;S
20240116;101009;163.110000000;10;9394009126;S
20240116;101009;163.110000000;30;9394009127;S
20240116;101009;163.110000000;10;9394009128;S
20240116;101009;163.110000000;20;9394009129;S
20240116;101009;163.110000000;70;9394009153;S
20240116;101009;163.110000000;10;9394009154;S
20240116;101009;163.100000000;140;9394009155;S
20240116;101009;163.100000000;10;9394009156;S
20240116;101009;163.100000000;10;9394009157;S
20240116;101009;163.100000000;10;9394009158;S
20240116;101009;163.100000000;750;9394009159;S
20240116;101009;163.100000000;500;9394009160;S
20240116;101009;163.100000000;1300;9394009161;S
20240116;101009;163.100000000;100;9394009162;S
20240116;101010;163.110000000;10;9394009183;B
20240116;101010;163.110000000;230;9394009190;B
20240116;101010;163.100000000;500;9394009193;S
20240116;101010;163.100000000;1110;9394009194;S
20240116;101010;163.100000000;450;9394009195;S
20240116;101010;163.100000000;10000;9394009279;S
20240116;101010;163.100000000;190;9394009287;S
20240116;101010;163.110000000;150;9394009288;B
20240116;101010;163.100000000;150;9394009289;S
20240116;101010;163.100000000;100;9394009290;S
20240116;101010;163.100000000;1970;9394009334;S
20240116;101010;163.100000000;30;9394009337;S
20240116;101013;163.110000000;10;9394009675;B
20240116;101013;163.110000000;10;9394009733;B
20240116;101017;163.100000000;10;9394010635;S
20240116;101020;163.100000000;180;9394011020;S
20240116;101021;163.100000000;3000;9394011201;S
20240116;101024;163.100000000;50;9394011747;S
20240116;101025;163.100000000;30;9394011981;S
20240116;101025;163.110000000;10;9394012016;B
20240116;101025;163.100000000;140;9394012033;S
20240116;101028;163.100000000;20;9394012373;S
20240116;101029;163.100000000;10;9394012450;S
20240116;101030;163.100000000;9410;9394012651;S
20240116;101030;163.100000000;800;9394012652;S
20240116;101030;163.100000000;9370;9394012653;S
20240116;101031;163.100000000;5000;9394012951;S
20240116;101032;163.100000000;10;9394013240;S
20240116;101033;163.100000000;100;9394013367;S
20240116;101033;163.110000000;10;9394013413;B
20240116;101037;163.110000000;10;9394013909;B
20240116;101038;163.100000000;10;9394013990;S
20240116;101038;163.100000000;20510;9394014078;S
20240116;101038;163.100000000;10;9394014079;S
20240116;101038;163.100000000;10;9394014080;S
20240116;101038;163.100000000;90;9394014081;S
20240116;101038;163.100000000;50;9394014082;S
20240116;101038;163.100000000;50;9394014083;S
20240116;101038;163.100000000;500;9394014084;S
20240116;101038;163.100000000;790;9394014085;S
20240116;101038;163.100000000;10;9394014086;S
20240116;101038;163.100000000;10;9394014087;S
20240116;101038;163.100000000;50;9394014088;S
20240116;101038;163.100000000;40;9394014089;S
20240116;101038;163.100000000;40;9394014090;S
20240116;101038;163.110000000;20;9394014102;B
20240116;101039;163.110000000;10;9394014330;B
20240116;101040;163.100000000;60;9394014447;S
20240116;101040;163.100000000;30;9394014448;S
20240116;101040;163.100000000;10;9394014449;S
20240116;101040;163.100000000;100;9394014450;S
20240116;101040;163.100000000;50;9394014451;S
20240116;101040;163.100000000;30;9394014452;S
20240116;101040;163.100000000;10;9394014453;S
20240116;101040;163.090000000;20;9394014454;S
20240116;101040;163.090000000;10;9394014455;S
20240116;101040;163.090000000;20;9394014456;S
20240116;101040;163.080000000;10;9394014457;S
20240116;101040;163.080000000;10;9394014458;S
20240116;101040;163.070000000;1000;9394014459;S
20240116;101040;163.070000000;10;9394014460;S
20240116;101040;163.060000000;400;9394014461;S
20240116;101040;163.060000000;90;9394014462;S
20240116;101040;163.060000000;10;9394014463;S
20240116;101040;163.050000000;60;9394014464;S
20240116;101040;163.050000000;100;9394014465;S
20240116;101040;163.060000000;900;9394014501;B
20240116;101040;163.050000000;20;9394014503;S
20240116;101040;163.060000000;1240;9394014504;B
20240116;101040;163.060000000;10;9394014505;B
20240116;101040;163.050000000;220;9394014522;S
20240116;101040;163.050000000;60;9394014523;S
20240116;101040;163.050000000;10;9394014524;S
20240116;101040;163.050000000;10;9394014525;S
20240116;101041;163.050000000;10;9394014542;S
20240116;101041;163.060000000;100;9394014553;B
20240116;101041;163.050000000;10;9394014554;S
20240116;101041;163.050000000;190;9394014555;S
20240116;101041;163.060000000;100;9394014658;B
20240116;101042;163.060000000;50;9394014703;B
20240116;101042;163.060000000;10;9394014733;B
20240116;101047;163.060000000;10;9394015413;B
20240116;101047;163.060000000;10;9394015498;B
20240116;101047;163.050000000;3000;9394015517;S
20240116;101049;163.060000000;200;9394015652;B
20240116;101049;163.050000000;240;9394015683;S
20240116;101049;163.050000000;20;9394015684;S
20240116;101049;163.050000000;10;9394015685;S
20240116;101049;163.050000000;230;9394015686;S
20240116;101050;163.060000000;150;9394015897;B
20240116;101051;163.060000000;300;9394015911;B
20240116;101053;163.060000000;130;9394016176;B
20240116;101053;163.060000000;100;9394016177;B
20240116;101053;163.060000000;100;9394016178;B
20240116;101053;163.060000000;70;9394016179;B
20240116;101055;163.060000000;10;9394016553;B
20240116;101056;163.060000000;10;9394016592;B
20240116;101101;163.060000000;10;9394017416;B
20240116;101102;163.060000000;10;9394017547;B
20240116;101103;163.050000000;100;9394017665;S
20240116;101103;163.050000000;200;9394017666;S
20240116;101103;163.050000000;200;9394017779;S
20240116;101103;163.050000000;200;9394017782;S
20240116;101103;163.060000000;200;9394017786;B
20240116;101104;163.050000000;70;9394017850;S
20240116;101104;163.050000000;30;9394017851;S
20240116;101104;163.050000000;10;9394017852;S
20240116;101104;163.050000000;10;9394017853;S
20240116;101104;163.050000000;180;9394017854;S
20240116;101104;163.050000000;1000;9394017855;S
20240116;101104;163.050000000;720;9394017856;S
20240116;101105;163.040000000;10;9394017982;S
20240116;101105;163.040000000;410;9394017983;S
20240116;101105;163.040000000;10;9394017984;S
20240116;101105;163.030000000;10;9394017985;S
20240116;101105;163.030000000;90;9394017986;S
20240116;101105;163.030000000;10;9394017987;S
20240116;101105;163.030000000;10;9394017988;S
20240116;101105;163.030000000;50;9394017989;S
20240116;101105;163.030000000;100;9394017990;S
20240116;101105;163.020000000;40;9394017991;S
20240116;101105;163.020000000;10;9394017992;S
20240116;101105;163.020000000;50;9394017993;S
20240116;101105;163.020000000;80;9394017994;S
20240116;101105;163.020000000;800;9394017995;S
20240116;101105;163.020000000;980;9394017996;S
20240116;101105;163.020000000;300;9394017997;S
20240116;101105;163.020000000;340;9394018077;S
20240116;101105;163.010000000;10;9394018078;S
20240116;101105;163.010000000;10;9394018079;S
20240116;101105;163.010000000;500;9394018080;S
20240116;101105;163.010000000;50;9394018081;S
20240116;101105;163.010000000;20;9394018082;S
20240116;101105;163.010000000;70;9394018083;S
20240116;101105;163.010000000;50;9394018085;S
20240116;101105;163.010000000;1630;9394018086;S
20240116;101105;163.010000000;50;9394018087;S
20240116;101105;163.010000000;10;9394018088;S
20240116;101105;163.010000000;10;9394018089;S
20240116;101105;163.010000000;10;9394018090;S
20240116;101105;163.010000000;100;9394018091;S
20240116;101105;163.010000000;100;9394018092;S
20240116;101105;163.010000000;200;9394018093;S
20240116;101105;163.010000000;10;9394018094;S
20240116;101105;163.010000000;20;9394018095;S
20240116;101105;163.010000000;10;9394018096;S
20240116;101105;163.010000000;200;9394018097;S
20240116;101105;163.010000000;10;9394018098;S
20240116;101105;163.010000000;10;9394018099;S
20240116;101105;163.010000000;1000;9394018100;S
20240116;101105;163.010000000;500;9394018101;S
20240116;101105;163.010000000;50;9394018102;S
20240116;101105;163.010000000;480;9394018103;S
20240116;101105;163.000000000;10;9394018104;S
20240116;101105;163.000000000;590;9394018105;S
20240116;101105;163.010000000;500;9394018107;S
20240116;101105;163.010000000;340;9394018108;S
20240116;101105;163.010000000;160;9394018109;S
20240116;101105;163.010000000;230;9394018110;S
20240116;101105;163.010000000;100;9394018111;S
20240116;101105;163.010000000;900;9394018112;S
20240116;101105;163.000000000;410;9394018113;S
20240116;101105;163.000000000;10;9394018114;S
20240116;101105;163.000000000;20;9394018115;S
20240116;101105;163.000000000;760;9394018116;S
20240116;101106;163.010000000;10;9394018136;S
20240116;101106;163.010000000;500;9394018157;S
20240116;101106;163.010000000;100;9394018200;S
20240116;101106;163.010000000;390;9394018201;S
20240116;101106;163.000000000;7730;9394018202;S
20240116;101106;163.000000000;1000;9394018208;S
20240116;101106;163.000000000;620;9394018221;S
20240116;101106;163.010000000;10;9394018222;B
20240116;101106;163.000000000;200;9394018228;S
20240116;101106;163.000000000;1850;9394018229;S
20240116;101106;163.000000000;400;9394018231;S
20240116;101106;163.000000000;100;9394018242;S
20240116;101106;163.000000000;200;9394018246;S
20240116;101106;163.010000000;150;9394018247;B
20240116;101106;163.000000000;150;9394018262;S
20240116;101106;163.000000000;200;9394018265;S
20240116;101106;163.010000000;10;9394018268;B
20240116;101106;163.000000000;200;9394018277;S
20240116;101106;163.000000000;250;9394018283;S
20240116;101106;163.010000000;10;9394018291;B
20240116;101106;163.010000000;20;9394018299;B
20240116;101106;163.000000000;50;9394018301;S
20240116;101106;163.000000000;10000;9394018302;S
20240116;101106;163.010000000;10;9394018303;B
20240116;101106;163.000000000;190;9394018305;S
20240116;101106;163.000000000;70;9394018306;S
20240116;101106;163.010000000;70;9394018307;B
20240116;101106;163.010000000;10;9394018308;B
20240116;101106;163.000000000;200;9394018309;S
20240116;101106;163.000000000;590;9394018310;S
20240116;101106;163.010000000;10;9394018311;B
20240116;101106;163.000000000;1540;9394018312;S
20240116;101106;163.010000000;600;9394018313;B
20240116;101106;163.000000000;500;9394018314;S
20240116;101106;163.010000000;10;9394018334;B
20240116;101107;163.000000000;500;9394018363;S
20240116;101107;163.000000000;40;9394018369;S
20240116;101107;163.000000000;610;9394018370;S
20240116;101107;163.000000000;5000;9394018371;S
20240116;101107;163.000000000;130;9394018373;S
20240116;101107;163.000000000;540;9394018374;S
20240116;101107;163.000000000;1000;9394018376;S
20240116;101107;163.000000000;60;9394018377;S
20240116;101107;163.000000000;500;9394018378;S
20240116;101107;163.000000000;50;9394018379;S
20240116;101107;163.000000000;50;9394018383;S
20240116;101107;163.000000000;100;9394018385;S
20240116;101107;163.000000000;1000;9394018402;S
20240116;101107;163.000000000;920;9394018403;S
20240116;101107;163.000000000;470;9394018404;S
20240116;101107;163.000000000;30;9394018405;S
20240116;101108;163.000000000;100;9394018442;S
20240116;101108;163.000000000;70;9394018465;S
20240116;101108;163.000000000;10;9394018466;S
20240116;101108;163.000000000;10;9394018467;S
20240116;101108;163.000000000;10;9394018468;S
20240116;101108;163.000000000;10;9394018469;S
20240116;101108;163.000000000;10;9394018470;S
20240116;101108;163.000000000;10;9394018471;S
20240116;101108;163.000000000;10;9394018472;S
20240116;101108;163.000000000;10;9394018473;S
20240116;101108;163.000000000;20;9394018474;S
20240116;101108;163.000000000;50;9394018475;S
20240116;101108;163.000000000;50;9394018476;S
20240116;101108;163.000000000;10;9394018477;S
20240116;101108;163.000000000;20;9394018478;S
20240116;101108;163.000000000;20;9394018479;S
20240116;101108;163.000000000;10;9394018480;S
20240116;101108;163.000000000;100;9394018481;S
20240116;101108;163.000000000;40;9394018482;S
20240116;101108;163.000000000;100;9394018483;S
20240116;101108;163.000000000;10;9394018484;S
20240116;101108;163.000000000;30;9394018485;S
20240116;101108;163.000000000;110;9394018486;S
20240116;101108;163.000000000;20;9394018487;S
20240116;101108;163.000000000;20;9394018488;S
20240116;101108;163.000000000;10;9394018489;S
20240116;101108;163.000000000;50;9394018490;S
20240116;101108;163.000000000;2000;9394018491;S
20240116;101108;163.000000000;10;9394018492;S
20240116;101108;163.000000000;10;9394018493;S
20240116;101108;163.000000000;30;9394018494;S
20240116;101108;163.000000000;20;9394018495;S
20240116;101108;163.000000000;10;9394018496;S
20240116;101108;163.000000000;10;9394018497;S
20240116;101108;163.000000000;90;9394018498;S
20240116;101109;163.000000000;80;9394018634;S
20240116;101109;163.000000000;10;9394018635;S
20240116;101109;163.000000000;10;9394018636;S
20240116;101109;163.010000000;10;9394018699;B
20240116;101109;163.010000000;10;9394018707;B
20240116;101109;163.000000000;10;9394018745;S
20240116;101109;163.000000000;10;9394018746;S
20240116;101109;163.000000000;20;9394018747;S
20240116;101111;163.000000000;10;9394018957;S
20240116;101111;163.000000000;10;9394018958;S
20240116;101111;163.000000000;20;9394018959;S
20240116;101111;163.000000000;20;9394018960;S
20240116;101111;163.000000000;10;9394018961;S
20240116;101111;163.000000000;10;9394018962;S
20240116;101111;163.000000000;40;9394018963;S
20240116;101111;163.000000000;10;9394018964;S
20240116;101111;163.000000000;100;9394018965;S
20240116;101111;163.000000000;10;9394018966;S
20240116;101111;163.000000000;60;9394018967;S
20240116;101113;163.000000000;340;9394019343;S
20240116;101113;163.000000000;20;9394019344;S
20240116;101113;163.000000000;100;9394019345;S
20240116;101113;163.000000000;10;9394019346;S
20240116;101113;163.000000000;10;9394019347;S
20240116;101113;163.000000000;100;9394019348;S
20240116;101113;163.000000000;100;9394019349;S
20240116;101113;163.000000000;40;9394019350;S
20240116;101113;163.000000000;850;9394019351;S
20240116;101113;163.000000000;500;9394019352;S
20240116;101113;163.000000000;10;9394019353;S
20240116;101113;163.000000000;10;9394019354;S
20240116;101113;163.000000000;1000;9394019355;S
20240116;101113;163.000000000;2910;9394019356;S
20240116;101115;163.000000000;100;9394019480;S
20240116;101115;163.000000000;100;9394019481;S
20240116;101115;163.000000000;100;9394019606;S
20240116;101117;163.000000000;500;9394019910;S
20240116;101118;163.010000000;10;9394019991;B
20240116;101118;163.000000000;180;9394020006;S
20240116;101118;163.010000000;60;9394020008;B
20240116;101118;163.010000000;440;9394020009;B
20240116;101118;163.000000000;300;9394020029;S
20240116;101118;163.000000000;1000;9394020030;S
20240116;101118;163.000000000;800;9394020031;S
20240116;101118;163.000000000;10;9394020042;S
20240116;101119;163.010000000;360;9394020078;B
20240116;101119;163.010000000;10;9394020079;B
20240116;101119;163.010000000;630;9394020080;B
20240116;101119;163.000000000;1680;9394020127;S
20240116;101121;163.010000000;10;9394020444;B
20240116;101121;163.010000000;890;9394020551;B
20240116;101121;163.010000000;110;9394020552;B
20240116;101123;163.000000000;40;9394020683;S
20240116;101127;163.000000000;220;9394021235;S
20240116;101129;163.010000000;100;9394021798;S
20240116;101129;163.010000000;10;9394021801;S
20240116;101131;163.030000000;10;9394022200;B
20240116;101133;163.010000000;80;9394022725;S
20240116;101135;163.040000000;30;9394023512;B
20240116;101137;163.040000000;10;9394023868;B
20240116;101137;163.030000000;510;9394023879;S
20240116;101138;163.030000000;490;9394023966;S
20240116;101140;163.030000000;60;9394024196;B
20240116;101140;163.030000000;500;9394024227;B
20240116;101140;163.020000000;30;9394024229;S
20240116;101140;163.030000000;10;9394024258;B
20240116;101140;163.020000000;170;9394024267;S
20240116;101140;163.020000000;830;9394024268;S
20240116;101140;163.020000000;2000;9394024269;S
20240116;101140;163.020000000;170;9394024270;S
20240116;101140;163.020000000;300;9394024271;S
20240116;101145;163.020000000;10;9394024962;B
20240116;101148;163.020000000;50;9394025338;B
20240116;101149;163.020000000;10;9394025470;B
20240116;101150;163.010000000;200;9394025589;S
20240116;101150;163.010000000;50;9394025590;S
20240116;101150;163.010000000;350;9394025591;S
20240116;101150;163.020000000;10;9394025626;B
20240116;101152;163.010000000;300;9394025909;S
20240116;101152;163.020000000;10;9394025990;B
20240116;101153;163.010000000;270;9394026109;S
20240116;101155;163.010000000;80;9394026458;S
20240116;101155;163.010000000;160;9394026459;S
20240116;101155;163.010000000;500;9394026460;S
20240116;101155;163.010000000;10;9394026461;S
20240116;101155;163.010000000;250;9394026462;S
20240116;101157;163.010000000;20;9394026662;S
20240116;101159;163.020000000;10;9394026912;B
20240116;101200;163.010000000;10;9394027177;S
20240116;101202;163.010000000;20;9394027343;S
20240116;101202;163.010000000;1700;9394027409;S
20240116;101202;163.000000000;5800;9394027410;S
20240116;101202;163.000000000;1000;9394027411;S
20240116;101202;163.000000000;2000;9394027412;S
20240116;101202;163.000000000;500;9394027413;S
20240116;101202;163.000000000;500;9394027414;S
20240116;101204;163.010000000;60;9394027586;B
20240116;101204;163.010000000;630;9394027613;B
20240116;101204;163.000000000;20;9394027618;S
20240116;101204;163.000000000;10;9394027622;S
20240116;101204;163.010000000;310;9394027723;B
20240116;101204;163.010000000;800;9394027724;B
20240116;101204;163.020000000;230;9394027725;B
20240116;101204;163.020000000;460;9394027726;B
20240116;101208;163.010000000;30;9394028171;B
20240116;101212;163.010000000;30;9394028622;B
20240116;101212;163.010000000;10;9394028623;B
20240116;101212;163.010000000;70;9394028635;B
20240116;101212;163.010000000;10;9394028698;B
20240116;101214;163.010000000;850;9394028860;B
20240116;101214;163.010000000;150;9394028861;B
20240116;101215;163.010000000;10;9394029096;B
20240116;101216;163.000000000;20;9394029215;S
20240116;101216;163.010000000;10;9394029302;B
20240116;101217;163.000000000;100;9394029413;S
20240116;101217;163.010000000;10;9394029471;B
20240116;101218;163.010000000;120;9394029592;B
20240116;101218;163.000000000;50;9394029620;S
20240116;101218;163.000000000;10;9394029621;S
20240116;101218;163.000000000;30;9394029622;S
20240116;101218;163.000000000;10;9394029623;S
20240116;101218;163.010000000;100;9394029629;B
20240116;101219;163.000000000;20;9394029682;S
20240116;101219;163.010000000;110;9394029774;B
20240116;101220;163.000000000;10;9394029944;S
20240116;101220;163.000000000;30;9394029945;S
20240116;101220;163.000000000;10;9394029946;S
20240116;101220;163.000000000;50;9394029947;S
20240116;101220;163.000000000;10;9394029948;S
20240116;101220;163.000000000;200;9394029949;S
20240116;101220;163.000000000;200;9394029950;S
20240116;101220;163.000000000;500;9394029951;S
20240116;101220;163.000000000;30;9394029952;S
20240116;101220;163.000000000;2500;9394029953;S
20240116;101220;163.000000000;100;9394029954;S
20240116;101220;163.000000000;30;9394029955;S
20240116;101220;163.000000000;10;9394029956;S
20240116;101220;163.000000000;10;9394029957;S
20240116;101220;163.000000000;10;9394029958;S
20240116;101220;163.000000000;10;9394029959;S
20240116;101220;163.000000000;40;9394029960;S
20240116;101220;163.000000000;100;9394029961;S
20240116;101220;163.000000000;60;9394029962;S
20240116;101220;163.000000000;10;9394029963;S
20240116;101220;163.000000000;10;9394029964;S
20240116;101220;163.000000000;30;9394029965;S
20240116;101220;163.000000000;300;9394029966;S
20240116;101220;163.000000000;50;9394029967;S
20240116;101220;163.000000000;10;9394029968;S
20240116;101220;163.000000000;500;9394029969;S
20240116;101220;163.000000000;10;9394029970;S
20240116;101220;163.000000000;10;9394029971;S
20240116;101220;163.000000000;10;9394029972;S
20240116;101220;163.000000000;100;9394029973;S
20240116;101220;163.000000000;20;9394029974;S
20240116;101220;163.000000000;1000;9394029975;S
20240116;101220;163.000000000;30;9394029976;S
20240116;101220;163.000000000;10;9394029977;S
20240116;101220;163.000000000;20;9394029978;S
20240116;101220;163.000000000;10;9394029979;S
20240116;101220;163.000000000;200;9394029980;S
20240116;101220;163.000000000;1000;9394029981;S
20240116;101220;163.000000000;10;9394029982;S
20240116;101220;163.000000000;10;9394029983;S
20240116;101220;163.000000000;10;9394029984;S
20240116;101220;163.000000000;190;9394029985;S
20240116;101220;163.000000000;200;9394029986;S
20240116;101220;163.000000000;610;9394029987;S
20240116;101220;163.000000000;10;9394029988;S
20240116;101220;163.000000000;30;9394029989;S
20240116;101220;163.000000000;20;9394029990;S
20240116;101220;163.000000000;10;9394029991;S
20240116;101220;163.000000000;20;9394029992;S
20240116;101220;163.000000000;10;9394029993;S
20240116;101220;163.000000000;50;9394029994;S
20240116;101220;163.000000000;10;9394029995;S
20240116;101220;163.000000000;100;9394029996;S
20240116;101220;163.000000000;10;9394029997;S
20240116;101220;163.000000000;20;9394029998;S
20240116;101220;163.000000000;1000;9394029999;S
20240116;101220;163.000000000;10;9394030000;S
20240116;101220;163.000000000;30;9394030001;S
20240116;101220;163.000000000;10;9394030002;S
20240116;101220;163.000000000;220;9394030003;S
20240116;101220;163.000000000;10;9394030004;S
20240116;101220;163.000000000;20;9394030005;S
20240116;101220;163.000000000;100;9394030006;S
20240116;101220;163.000000000;10;9394030007;S
20240116;101220;163.000000000;10;9394030008;S
20240116;101220;163.000000000;20;9394030009;S
20240116;101221;163.000000000;80;9394030165;S
20240116;101221;163.000000000;10;9394030166;S
20240116;101221;163.000000000;50;9394030167;S
20240116;101221;163.000000000;50;9394030168;S
20240116;101221;163.000000000;160;9394030169;S
20240116;101221;163.000000000;410;9394030170;S
20240116;101221;163.000000000;10;9394030171;S
20240116;101221;163.000000000;10;9394030172;S
20240116;101221;163.000000000;30;9394030173;S
20240116;101221;163.000000000;50;9394030174;S
20240116;101221;163.000000000;10;9394030175;S
20240116;101221;163.000000000;70;9394030176;S
20240116;101221;163.000000000;50;9394030177;S
20240116;101221;163.000000000;10;9394030178;S
20240116;101221;163.000000000;20;9394030179;S
20240116;101221;163.000000000;980;9394030180;S
20240116;101221;163.010000000;10;9394030345;B
20240116;101221;163.010000000;200;9394030409;B
20240116;101222;163.000000000;190;9394030480;S
20240116;101222;163.000000000;50;9394030481;S
20240116;101222;163.000000000;10;9394030482;S
20240116;101222;163.000000000;10;9394030483;S
20240116;101222;163.000000000;1520;9394030484;S
20240116;101222;163.000000000;10;9394030485;S
20240116;101222;163.000000000;10;9394030486;S
20240116;101222;163.000000000;20;9394030487;S
20240116;101222;163.000000000;290;9394030488;S
20240116;101222;163.000000000;30;9394030489;S
20240116;101222;163.000000000;100;9394030490;S
20240116;101222;163.000000000;10;9394030491;S
20240116;101222;163.000000000;60;9394030492;S
20240116;101222;163.000000000;20;9394030493;S
20240116;101222;163.000000000;30;9394030494;S
20240116;101222;163.000000000;20;9394030495;S
20240116;101222;163.000000000;100;9394030496;S
20240116;101222;163.000000000;230;9394030497;S
20240116;101222;163.000000000;2500;9394030498;S
20240116;101222;163.000000000;100;9394030499;S
20240116;101222;163.000000000;10;9394030500;S
20240116;101222;163.000000000;80;9394030501;S
20240116;101222;163.000000000;410;9394030502;S
20240116;101222;163.000000000;10;9394030503;S
20240116;101222;163.000000000;10;9394030504;S
20240116;101222;163.000000000;500;9394030505;S
20240116;101222;163.000000000;10;9394030506;S
20240116;101222;163.000000000;10;9394030507;S
20240116;101222;163.000000000;200;9394030508;S
20240116;101222;163.000000000;80;9394030509;S
20240116;101222;163.000000000;10;9394030510;S
20240116;101222;163.000000000;300;9394030511;S
20240116;101222;163.000000000;100;9394030512;S
20240116;101222;163.000000000;140;9394030513;S
20240116;101222;163.000000000;10;9394030514;S
20240116;101222;163.000000000;50;9394030515;S
20240116;101222;163.000000000;10;9394030516;S
20240116;101222;163.000000000;100;9394030517;S
20240116;101222;163.000000000;1000;9394030518;S
20240116;101222;163.000000000;10;9394030519;S
20240116;101222;163.000000000;1000;9394030520;S
20240116;101222;163.000000000;30;9394030521;S
20240116;101222;163.000000000;1400;9394030522;S
20240116;101222;163.000000000;210;9394030523;S
20240116;101225;163.000000000;10;9394031175;S
20240116;101226;163.000000000;600;9394031351;S
20240116;101227;163.000000000;12620;9394031512;S
20240116;101227;163.000000000;2000;9394031537;S
20240116;101227;163.000000000;2000;9394031540;S
20240116;101227;163.010000000;230;9394031553;B
20240116;101228;163.000000000;2560;9394031691;S
20240116;101228;163.000000000;250;9394031692;S
20240116;101228;163.000000000;500;9394031693;S
20240116;101228;163.000000000;30;9394031694;S
20240116;101228;163.000000000;100;9394031695;S
20240116;101228;163.000000000;10;9394031696;S
20240116;101228;163.000000000;250;9394031697;S
20240116;101228;163.000000000;100;9394031698;S
20240116;101228;163.000000000;120;9394031699;S
20240116;101228;162.990000000;210;9394031700;S
20240116;101228;162.990000000;10;9394031701;S
20240116;101228;162.990000000;280;9394031702;S
20240116;101228;162.970000000;10;9394031703;S
20240116;101228;162.960000000;10;9394031704;S
20240116;101228;162.960000000;100;9394031709;S
20240116;101228;162.960000000;260;9394031710;S
20240116;101228;162.960000000;130;9394031711;S
20240116;101228;162.960000000;20;9394031724;B
20240116;101228;162.950000000;5000;9394031731;S
20240116;101228;162.950000000;10;9394031732;S
20240116;101228;162.950000000;10;9394031733;S
20240116;101228;162.950000000;10;9394031734;S
20240116;101228;162.950000000;10;9394031735;S
20240116;101228;162.950000000;610;9394031736;S
20240116;101228;162.950000000;10;9394031737;S
20240116;101228;162.950000000;110;9394031738;S
20240116;101228;162.940000000;130;9394031739;S
20240116;101228;162.940000000;130;9394031740;S
20240116;101228;162.930000000;30;9394031741;S
20240116;101228;162.920000000;50;9394031742;S
20240116;101228;162.920000000;2000;9394031743;S
20240116;101228;162.920000000;10;9394031744;S
20240116;101228;162.910000000;20;9394031745;S
20240116;101228;162.910000000;260;9394031746;S
20240116;101228;162.910000000;240;9394031747;S
20240116;101228;162.910000000;50;9394031748;S
20240116;101228;162.910000000;400;9394031749;S
20240116;101228;162.910000000;30;9394031750;S
20240116;101228;162.910000000;500;9394031751;S
20240116;101228;162.910000000;470;9394031752;S
20240116;101228;162.910000000;30;9394031753;S
20240116;101228;162.910000000;20;9394031754;S
20240116;101228;162.910000000;30;9394031755;S
20240116;101228;162.900000000;490;9394031805;S
20240116;101228;162.900000000;10;9394031806;S
20240116;101228;162.900000000;10;9394031807;S
20240116;101228;162.900000000;10;9394031808;S
20240116;101228;162.900000000;150;9394031809;S
20240116;101228;162.900000000;970;9394031810;S
20240116;101228;162.910000000;10;9394031811;B
20240116;101228;162.900000000;30;9394031813;S
20240116;101228;162.900000000;100;9394031814;S
20240116;101228;162.900000000;10;9394031815;S
20240116;101228;162.900000000;10;9394031816;S
20240116;101228;162.900000000;10;9394031817;S
20240116;101228;162.900000000;10;9394031818;S
20240116;101228;162.900000000;10;9394031819;S
20240116;101228;162.900000000;1000;9394031820;S
20240116;101228;162.900000000;590;9394031821;S
20240116;101228;162.900000000;500;9394031822;S
20240116;101228;162.900000000;10;9394031823;S
20240116;101228;162.900000000;10;9394031824;S
20240116;101228;162.900000000;100;9394031825;S
20240116;101228;162.890000000;500;9394031826;S
20240116;101228;162.890000000;10;9394031827;S
20240116;101228;162.880000000;10;9394031828;S
20240116;101228;162.880000000;60;9394031829;S
20240116;101228;162.880000000;50;9394031830;S
20240116;101228;162.870000000;2000;9394031831;S
20240116;101228;162.870000000;10;9394031832;S
20240116;101228;162.870000000;100;9394031833;S
20240116;101228;162.870000000;800;9394031834;S
20240116;101228;162.870000000;150;9394031835;S
20240116;101228;162.860000000;10;9394031836;S
20240116;101228;162.860000000;100;9394031837;S
20240116;101228;162.860000000;200;9394031838;S
20240116;101228;162.860000000;1000;9394031839;S
20240116;101228;162.850000000;1000;9394031840;S
20240116;101228;162.850000000;10;9394031841;S
20240116;101228;162.850000000;50;9394031842;S
20240116;101228;162.850000000;20;9394031843;S
20240116;101228;162.850000000;150;9394031844;S
20240116;101228;162.850000000;1000;9394031845;S
20240116;101228;162.850000000;20;9394031846;S
20240116;101228;162.850000000;20;9394031847;S
20240116;101228;162.850000000;300;9394031848;S
20240116;101228;162.840000000;10;9394031849;S
20240116;101228;162.840000000;500;9394031850;S
20240116;101228;162.840000000;10;9394031851;S
20240116;101228;162.840000000;10;9394031852;S
20240116;101228;162.840000000;150;9394031853;S
20240116;101228;162.840000000;40;9394031854;S
20240116;101228;162.830000000;40;9394031855;S
20240116;101228;162.830000000;60;9394031856;S
20240116;101228;162.830000000;1000;9394031857;S
20240116;101228;162.830000000;10;9394031858;S
20240116;101228;162.830000000;230;9394031859;S
20240116;101228;162.820000000;1000;9394031860;S
20240116;101228;162.820000000;50;9394031861;S
20240116;101228;162.820000000;430;9394031862;S
20240116;101228;162.900000000;10;9394031865;B
20240116;101228;162.830000000;160;9394031867;S
20240116;101228;162.820000000;20;9394031868;S
20240116;101228;162.850000000;20;9394031909;B
20240116;101228;162.840000000;70;9394031910;S
20240116;101229;162.850000000;160;9394031912;B
20240116;101229;162.850000000;10;9394031913;B
20240116;101229;162.850000000;300;9394031914;B
20240116;101229;162.850000000;10;9394031915;B
20240116;101229;162.840000000;90;9394031923;S
20240116;101229;162.840000000;3770;9394031955;S
20240116;101229;162.840000000;1000;9394031956;S
20240116;101229;162.840000000;1850;9394031957;B
20240116;101229;162.830000000;100;9394031959;S
20240116;101229;162.840000000;10;9394032197;B
20240116;101229;162.840000000;1700;9394032221;B
20240116;101229;162.840000000;10;9394032295;B
20240116;101229;162.840000000;1640;9394032316;B
20240116;101229;162.870000000;80;9394032324;B
20240116;101229;162.830000000;10;9394032329;S
20240116;101229;162.870000000;920;9394032343;B
20240116;101229;162.870000000;80;9394032344;B
20240116;101229;162.880000000;210;9394032345;B
20240116;101229;162.880000000;1000;9394032346;B
20240116;101229;162.890000000;210;9394032347;B
20240116;101229;162.890000000;1000;9394032348;B
20240116;101229;162.890000000;900;9394032349;B
20240116;101229;162.890000000;300;9394032350;B
20240116;101229;162.900000000;210;9394032351;B
20240116;101229;162.900000000;1000;9394032352;B
20240116;101229;162.900000000;3680;9394032353;B
20240116;101229;162.910000000;210;9394032354;B
20240116;101229;162.910000000;280;9394032355;B
20240116;101229;162.840000000;60;9394032356;S
20240116;101229;162.830000000;20;9394032360;S
20240116;101229;162.830000000;970;9394032361;S
20240116;101229;162.830000000;40;9394032362;S
20240116;101229;162.830000000;300;9394032363;S
20240116;101229;162.820000000;690;9394032364;S
20240116;101229;162.830000000;200;9394032365;S
20240116;101229;162.830000000;200;9394032366;S
20240116;101229;162.820000000;200;9394032497;S
20240116;101229;162.850000000;50;9394032514;B
20240116;101229;162.850000000;10;9394032515;B
20240116;101229;162.830000000;20;9394032517;S
20240116;101229;162.820000000;380;9394032518;S
20240116;101229;162.850000000;10;9394032519;B
20240116;101229;162.850000000;10;9394032521;B
20240116;101229;162.820000000;100;9394032523;S
20240116;101229;162.850000000;100;9394032524;B
20240116;101229;162.820000000;400;9394032529;S
20240116;101230;162.850000000;100;9394032595;B
20240116;101230;162.820000000;50;9394032608;S
20240116;101230;162.840000000;10;9394032612;B
20240116;101230;162.840000000;50;9394032615;B
20240116;101230;162.820000000;40;9394032626;S
20240116;101230;162.840000000;30;9394032632;B
20240116;101230;162.820000000;40;9394032634;S
20240116;101230;162.830000000;30;9394032651;S
20240116;101230;162.830000000;890;9394032652;S
20240116;101230;162.820000000;550;9394032653;S
20240116;101230;162.820000000;700;9394032654;S
20240116;101230;162.820000000;390;9394032664;S
20240116;101230;162.840000000;10;9394032666;B
20240116;101230;162.820000000;400;9394032672;S
20240116;101230;162.820000000;510;9394032674;S
20240116;101230;162.820000000;100;9394032682;S
20240116;101230;162.840000000;10;9394032767;B
20240116;101230;162.840000000;10;9394032870;B
20240116;101231;162.830000000;10;9394033015;B
20240116;101231;162.820000000;10;9394033082;S
20240116;101231;162.820000000;10;9394033083;S
20240116;101231;162.830000000;120;9394033174;B
20240116;101231;162.830000000;10;9394033197;B
20240116;101231;162.830000000;90;9394033209;B
20240116;101231;162.850000000;220;9394033247;B
20240116;101232;162.820000000;500;9394033700;S
20240116;101232;162.820000000;500;9394033701;S
20240116;101232;162.820000000;100;9394033702;S
20240116;101232;162.820000000;500;9394033703;S
20240116;101232;162.820000000;120;9394033704;S
20240116;101232;162.820000000;80;9394033705;S
20240116;101232;162.820000000;20;9394033742;B
20240116;101233;162.820000000;120;9394033847;B
20240116;101233;162.810000000;500;9394033986;S
20240116;101233;162.810000000;10;9394033987;S
20240116;101233;162.810000000;500;9394033988;S
20240116;101233;162.810000000;500;9394033989;S
20240116;101233;162.810000000;1000;9394033990;S
20240116;101233;162.810000000;570;9394033991;S
20240116;101234;162.800000000;40;9394034122;S
20240116;101234;162.800000000;300;9394034123;S
20240116;101234;162.800000000;10;9394034124;S
20240116;101234;162.800000000;10;9394034125;S
20240116;101234;162.800000000;540;9394034126;S
20240116;101234;162.800000000;150;9394034191;S
20240116;101234;162.800000000;820;9394034192;S
20240116;101234;162.800000000;4290;9394034299;S
20240116;101234;162.810000000;1000;9394034445;B
20240116;101234;162.800000000;3500;9394034601;S
20240116;101235;162.820000000;10;9394034824;B
20240116;101235;162.800000000;120;9394034880;S
20240116;101235;162.800000000;100;9394034912;S
20240116;101235;162.810000000;10;9394034996;S
20240116;101235;162.800000000;90;9394034997;S
20240116;101235;162.820000000;140;9394035368;B
20240116;101237;162.810000000;100;9394036176;S
20240116;101237;162.820000000;10;9394036329;B
20240116;101237;162.810000000;110;9394036345;S
20240116;101237;162.810000000;210;9394036346;S
20240116;101237;162.800000000;14780;9394036347;S
20240116;101237;162.810000000;210;9394036461;S
20240116;101237;162.810000000;300;9394036462;S
20240116;101237;162.800000000;750;9394036463;S
20240116;101238;162.820000000;30;9394036700;B
20240116;101239;162.820000000;500;9394037269;B
20240116;101239;162.810000000;150;9394037454;S
20240116;101242;162.810000000;10;9394038180;B
20240116;101242;162.810000000;290;9394038215;B
20240116;101242;162.820000000;210;9394038216;B
20240116;101242;162.800000000;20;9394038314;S
20240116;101243;162.800000000;2500;9394038472;S
20240116;101243;162.810000000;20;9394038580;B
20240116;101244;162.810000000;280;9394038703;B
20240116;101244;162.810000000;160;9394038704;B
20240116;101246;162.820000000;10;9394038976;B
20240116;101246;162.810000000;120;9394039128;S
20240116;101248;162.820000000;1990;9394039518;B
20240116;101248;162.820000000;820;9394039519;B
20240116;101248;162.820000000;190;9394039520;B
20240116;101248;162.820000000;20;9394039612;B
20240116;101249;162.820000000;10;9394039801;B
20240116;101250;162.810000000;2000;9394039956;S
20240116;101252;162.820000000;10;9394040270;B
20240116;101252;162.820000000;100;9394040302;B
20240116;101252;162.820000000;1000;9394040303;B
20240116;101252;162.820000000;2000;9394040304;B
20240116;101252;162.820000000;3000;9394040305;B
20240116;101252;162.820000000;300;9394040306;B
20240116;101252;162.830000000;1000;9394040307;S
20240116;101252;162.830000000;800;9394040308;S
20240116;101253;162.830000000;30;9394040711;S
20240116;101254;162.840000000;40;9394040860;B
20240116;101254;162.830000000;10;9394041039;S
20240116;101255;162.840000000;20;9394041090;B
20240116;101255;162.850000000;70;9394041091;B
20240116;101256;162.850000000;90;9394041487;S
20240116;101257;162.860000000;80;9394041840;B
20240116;101259;162.870000000;20;9394042507;S
20240116;101300;162.870000000;740;9394043078;S
20240116;101300;162.870000000;240;9394043098;S
20240116;101300;162.860000000;740;9394043099;S
20240116;101301;162.870000000;300;9394043186;B
20240116;101301;162.870000000;700;9394043187;B
20240116;101301;162.860000000;180;9394043230;S
20240116;101301;162.850000000;50;9394043231;S
20240116;101301;162.850000000;10;9394043524;S
20240116;101302;162.870000000;10;9394043654;B
20240116;101302;162.850000000;280;9394043816;S
20240116;101302;162.860000000;500;9394044055;B
20240116;101304;162.860000000;1000;9394044415;B
20240116;101304;162.860000000;60;9394044442;B
20240116;101304;162.860000000;60;9394044486;B
20240116;101305;162.860000000;200;9394044852;B
20240116;101307;162.860000000;10;9394045782;B
20240116;101307;162.850000000;100;9394045827;S
20240116;101307;162.860000000;990;9394045830;B
20240116;101307;162.880000000;10;9394045831;B
20240116;101307;162.900000000;500;9394045922;B
20240116;101308;162.870000000;90;9394046102;S
20240116;101308;162.900000000;20;9394046224;B
20240116;101309;162.890000000;30;9394046548;S
20240116;101309;162.880000000;10;9394046549;S
20240116;101309;162.860000000;10;9394046550;S
20240116;101310;162.900000000;200;9394046717;B
20240116;101310;162.870000000;800;9394046720;S
20240116;101310;162.860000000;990;9394046721;S
20240116;101310;162.860000000;10;9394046722;S
20240116;101310;162.860000000;280;9394046723;S
20240116;101310;162.860000000;1000;9394046724;S
20240116;101310;162.850000000;920;9394046725;S
20240116;101310;162.850000000;70;9394046844;S
20240116;101310;162.890000000;10;9394046901;B
20240116;101311;162.860000000;20;9394047060;S
20240116;101312;162.900000000;10;9394047263;B
20240116;101312;162.870000000;20;9394047434;S
20240116;101312;162.860000000;1840;9394047435;S
20240116;101312;162.860000000;140;9394047436;S
20240116;101312;162.850000000;2000;9394047437;S
20240116;101313;162.850000000;10;9394047597;S
20240116;101313;162.850000000;900;9394047598;S
20240116;101313;162.840000000;70;9394047599;S
20240116;101313;162.840000000;70;9394047600;S
20240116;101313;162.830000000;500;9394047601;S
20240116;101313;162.830000000;3680;9394047602;S
20240116;101313;162.830000000;1670;9394047603;S
20240116;101313;162.820000000;36600;9394047604;S
20240116;101313;162.820000000;210;9394047605;S
20240116;101313;162.820000000;500;9394047606;S
20240116;101313;162.820000000;1500;9394047607;S
20240116;101313;162.820000000;10;9394047608;S
20240116;101313;162.810000000;20;9394047609;S
20240116;101313;162.810000000;10;9394047610;S
20240116;101313;162.810000000;1000;9394047611;S
20240116;101313;162.810000000;50;9394047612;S
20240116;101313;162.810000000;10;9394047613;S
20240116;101313;162.810000000;210;9394047614;S
20240116;101313;162.810000000;200;9394047615;S
20240116;101313;162.810000000;2000;9394047616;S
20240116;101313;162.810000000;100;9394047617;S
20240116;101313;162.810000000;2000;9394047618;S
20240116;101313;162.810000000;300;9394047619;S
20240116;101313;162.800000000;2340;9394047620;S
20240116;101313;162.800000000;40;9394047621;S
20240116;101313;162.800000000;10;9394047622;S
20240116;101313;162.800000000;100;9394047623;S
20240116;101313;162.800000000;10;9394047624;S
20240116;101313;162.800000000;10;9394047625;S
20240116;101313;162.800000000;20;9394047626;S
20240116;101313;162.800000000;10;9394047627;S
20240116;101313;162.800000000;1000;9394047628;S
20240116;101313;162.800000000;2500;9394047629;S
20240116;101313;162.800000000;10;9394047630;S
20240116;101313;162.800000000;2120;9394047631;S
20240116;101313;162.800000000;10;9394047632;S
20240116;101313;162.800000000;15600;9394047633;S
20240116;101313;162.800000000;10;9394047634;S
20240116;101313;162.800000000;10;9394047635;S
20240116;101313;162.800000000;10;9394047636;S
20240116;101313;162.800000000;10;9394047637;S
20240116;101313;162.800000000;1000;9394047638;S
20240116;101313;162.800000000;500;9394047639;S
20240116;101313;162.800000000;10;9394047640;S
20240116;101313;162.800000000;50;9394047641;S
20240116;101313;162.800000000;40;9394047642;S
20240116;101313;162.800000000;30;9394047643;S
20240116;101313;162.800000000;250;9394047644;S
20240116;101313;162.800000000;200;9394047645;S
20240116;101313;162.800000000;10;9394047646;S
20240116;101313;162.800000000;10;9394047647;S
20240116;101313;162.800000000;50;9394047648;S
20240116;101313;162.800000000;30;9394047649;S
20240116;101313;162.800000000;210;9394047650;S
20240116;101313;162.800000000;50;9394047651;S
20240116;101313;162.800000000;50;9394047652;S
20240116;101313;162.800000000;10;9394047653;S
20240116;101313;162.790000000;10;9394047654;S
20240116;101313;162.790000000;210;9394047655;S
20240116;101313;162.780000000;10;9394047656;S
20240116;101313;162.780000000;60;9394047657;S
20240116;101313;162.780000000;10;9394047658;S
20240116;101313;162.780000000;500;9394047659;S
20240116;101313;162.780000000;210;9394047660;S
20240116;101313;162.770000000;10;9394047661;S
20240116;101313;162.770000000;210;9394047662;S
20240116;101313;162.770000000;2140;9394047663;S
20240116;101313;162.760000000;500;9394047664;S
20240116;101313;162.760000000;210;9394047665;S
20240116;101313;162.760000000;1000;9394047666;S
20240116;101313;162.760000000;8000;9394047667;S
20240116;101313;162.750000000;10;9394047668;S
20240116;101313;162.750000000;10;9394047669;S
20240116;101313;162.750000000;30;9394047670;S
20240116;101313;162.750000000;10;9394047671;S
20240116;101313;162.750000000;20;9394047672;S
20240116;101313;162.750000000;200;9394047673;S
20240116;101313;162.750000000;50;9394047674;S
20240116;101313;162.750000000;210;9394047675;S
20240116;101313;162.750000000;1000;9394047676;S
20240116;101313;162.750000000;6430;9394047677;S
20240116;101313;162.840000000;40;9394047679;S
20240116;101313;162.760000000;10;9394047680;S
20240116;101313;162.770000000;50;9394047696;B
20240116;101313;162.750000000;400;9394047714;S
20240116;101313;162.760000000;1000;9394047721;B
20240116;101313;162.760000000;800;9394047722;B
20240116;101313;162.770000000;1000;9394047723;B
20240116;101313;162.770000000;200;9394047724;B
20240116;101313;162.760000000;200;9394047737;B
20240116;101313;162.750000000;30;9394047755;S
20240116;101313;162.760000000;40;9394047756;B
20240116;101313;162.750000000;50;9394047763;S
20240116;101314;162.740000000;90;9394047826;S
20240116;101314;162.740000000;160;9394047868;S
20240116;101314;162.730000000;10;9394047869;S
20240116;101314;162.720000000;730;9394047870;S
20240116;101314;162.720000000;260;9394047871;S
20240116;101314;162.720000000;30;9394047884;S
20240116;101314;162.720000000;80;9394047902;S
20240116;101314;162.720000000;500;9394047903;S
20240116;101314;162.720000000;10;9394047904;S
20240116;101314;162.720000000;390;9394047953;S
20240116;101314;162.720000000;10;9394047954;S
20240116;101314;162.720000000;10;9394047955;S
20240116;101314;162.720000000;210;9394047956;S
20240116;101314;162.710000000;500;9394047957;S
20240116;101314;162.710000000;10;9394047958;S
20240116;101314;162.710000000;20;9394047959;S
20240116;101314;162.710000000;100;9394047960;S
20240116;101314;162.710000000;50;9394047961;S
20240116;101314;162.710000000;120;9394047995;S
20240116;101315;162.730000000;10;9394048092;B
20240116;101315;162.730000000;10;9394048128;B
20240116;101316;162.730000000;360;9394048543;B
20240116;101316;162.740000000;1000;9394048544;B
20240116;101316;162.750000000;1000;9394048545;B
20240116;101316;162.750000000;300;9394048546;B
20240116;101316;162.760000000;1000;9394048547;B
20240116;101316;162.770000000;800;9394048548;B
20240116;101316;162.770000000;1000;9394048549;B
20240116;101316;162.780000000;1000;9394048550;B
20240116;101316;162.780000000;800;9394048551;B
20240116;101316;162.790000000;1000;9394048552;B
20240116;101316;162.790000000;1840;9394048553;B
20240116;101316;162.800000000;1000;9394048554;B
20240116;101316;162.800000000;210;9394048555;B
20240116;101316;162.800000000;500;9394048556;B
20240116;101316;162.800000000;2000;9394048557;B
20240116;101317;162.810000000;10;9394048768;B
20240116;101318;162.800000000;670;9394048839;S
20240116;101318;162.800000000;50;9394048848;S
20240116;101319;162.810000000;50;9394049007;B
20240116;101319;162.800000000;10470;9394049143;S
20240116;101319;162.800000000;300;9394049144;S
20240116;101319;162.800000000;10;9394049145;S
20240116;101319;162.750000000;210;9394049146;S
20240116;101319;162.750000000;1000;9394049147;S
20240116;101319;162.740000000;210;9394049148;S
20240116;101319;162.740000000;1000;9394049149;S
20240116;101319;162.730000000;210;9394049150;S
20240116;101319;162.730000000;1000;9394049151;S
20240116;101319;162.720000000;210;9394049152;S
20240116;101319;162.720000000;1000;9394049153;S
20240116;101319;162.720000000;2000;9394049154;S
20240116;101319;162.710000000;210;9394049155;S
20240116;101319;162.710000000;1000;9394049156;S
20240116;101319;162.710000000;830;9394049157;S
20240116;101319;162.710000000;700;9394049158;S
20240116;101319;162.700000000;1900;9394049159;S
20240116;101319;162.700000000;10;9394049160;S
20240116;101319;162.700000000;10;9394049161;S
20240116;101319;162.700000000;100;9394049162;S
20240116;101319;162.700000000;10;9394049163;S
