<DATE>;<TIME>;<LAST>;<VOL>;<ID>;<OPER>
20240221;095952;159.600000000;90;9672773511;S
20240221;095952;159.600000000;10;9672773512;S
20240221;095952;159.600000000;10;9672773513;S
20240221;095952;159.600000000;20;9672773514;S
20240221;095952;159.600000000;20;9672773515;S
20240221;095952;159.600000000;100;9672773516;S
20240221;095952;159.600000000;30;9672773517;S
20240221;095952;159.600000000;10;9672773518;S
20240221;095952;159.600000000;10;9672773519;S
20240221;095952;159.600000000;10;9672773520;S
20240221;095952;159.600000000;10;9672773521;S
20240221;095952;159.600000000;20;9672773522;S
20240221;095952;159.600000000;10;9672773523;S
20240221;095952;159.600000000;360;9672773524;S
20240221;095952;159.600000000;90;9672773525;S
20240221;095952;159.600000000;390;9672773526;S
20240221;095952;159.600000000;10;9672773527;S
20240221;095952;159.600000000;10;9672773528;S
20240221;095952;159.600000000;10;9672773529;S
20240221;095952;159.600000000;10;9672773530;S
20240221;095952;159.600000000;10;9672773531;S
20240221;095952;159.600000000;60;9672773532;S
20240221;095952;159.600000000;10;9672773533;S
20240221;095952;159.600000000;10;9672773534;S
20240221;095952;159.600000000;10;9672773535;S
20240221;095952;159.600000000;10;9672773536;S
20240221;095952;159.600000000;10;9672773537;S
20240221;095952;159.600000000;80;9672773538;S
20240221;095952;159.600000000;30;9672773539;S
20240221;095952;159.600000000;10;9672773540;B
20240221;095952;159.600000000;20;9672773541;B
20240221;095952;159.600000000;60;9672773542;B
20240221;095952;159.600000000;10;9672773543;B
20240221;095952;159.600000000;10;9672773544;B
20240221;095952;159.600000000;30;9672773545;B
20240221;095952;159.600000000;10;9672773546;B
20240221;095952;159.600000000;10;9672773547;B
20240221;095952;159.600000000;10;9672773548;B
20240221;095952;159.600000000;20;9672773549;B
20240221;095952;159.600000000;50;9672773550;B
20240221;095952;159.600000000;10;9672773551;B
20240221;095952;159.600000000;10;9672773552;B
20240221;095952;159.600000000;20;9672773553;B
20240221;095952;159.600000000;10;9672773554;B
20240221;095952;159.600000000;30;9672773555;B
20240221;095952;159.600000000;20;9672773556;B
20240221;095952;159.600000000;10;9672773557;B
20240221;095952;159.600000000;60;9672773558;B
20240221;095952;159.600000000;50;9672773559;B
20240221;095952;159.600000000;110;9672773560;B
20240221;095952;159.600000000;10;9672773561;B
20240221;095952;159.600000000;280;9672773562;B
20240221;095952;159.600000000;220;9672773563;B
20240221;095952;159.600000000;10;9672773564;S
20240221;095952;159.600000000;10;9672773565;S
20240221;095952;159.600000000;260;9672773566;S
20240221;095952;159.600000000;10;9672773567;S
20240221;095952;159.600000000;10;9672773568;S
20240221;095952;159.600000000;520;9672773569;S
20240221;095952;159.600000000;10;9672773570;S
20240221;095952;159.600000000;20;9672773571;S
20240221;095952;159.600000000;300;9672773572;S
20240221;095952;159.600000000;4500;9672773573;S
20240221;095952;159.600000000;10;9672773574;S
20240221;095952;159.600000000;10;9672773575;S
20240221;095952;159.600000000;30;9672773576;S
20240221;095952;159.600000000;50;9672773577;S
20240221;095952;159.600000000;10;9672773578;S
20240221;095952;159.600000000;2590;9672773579;S
20240221;095952;159.600000000;180;9672773580;S
20240221;095952;159.600000000;20;9672773581;S
20240221;095952;159.600000000;100;9672773582;S
20240221;095952;159.600000000;250;9672773583;S
20240221;095952;159.600000000;200;9672773584;S
20240221;095952;159.600000000;70;9672773585;S
20240221;095952;159.600000000;10;9672773586;S
20240221;095952;159.600000000;50;9672773587;S
20240221;095952;159.600000000;20;9672773588;S
20240221;095952;159.600000000;5000;9672773589;S
20240221;095952;159.600000000;1510;9672773590;S
20240221;095952;159.600000000;10;9672773591;S
20240221;095952;159.600000000;30;9672773592;B
20240221;095952;159.600000000;400;9672773593;B
20240221;095952;159.600000000;10;9672773594;S
20240221;095952;159.600000000;200;9672773595;B
20240221;095952;159.600000000;20;9672773596;B
20240221;095952;159.600000000;140;9672773597;B
20240221;095952;159.600000000;10;9672773598;B
20240221;095952;159.600000000;700;9672773599;B
20240221;095952;159.600000000;230;9672773600;B
20240221;095952;159.600000000;10;9672773601;B
20240221;095952;159.600000000;100;9672773602;B
20240221;095952;159.600000000;70;9672773603;B
20240221;095952;159.600000000;10;9672773604;B
20240221;095952;159.600000000;10;9672773605;B
20240221;095952;159.600000000;10;9672773606;B
20240221;095952;159.600000000;700;9672773607;B
20240221;095952;159.600000000;30;9672773608;B
20240221;095952;159.600000000;10;9672773609;B
20240221;095952;159.600000000;10;9672773610;B
20240221;095952;159.600000000;20;9672773611;B
20240221;095952;159.600000000;10;9672773612;B
20240221;095952;159.600000000;10;9672773613;B
20240221;095952;159.600000000;20;9672773614;B
20240221;095952;159.600000000;10;9672773615;B
20240221;095952;159.600000000;40;9672773616;B
20240221;095952;159.600000000;30;9672773617;B
20240221;095952;159.600000000;330;9672773618;B
20240221;095952;159.600000000;310;9672773619;B
20240221;095952;159.600000000;560;9672773620;B
20240221;095952;159.600000000;10;9672773621;B
20240221;095952;159.600000000;10;9672773622;B
20240221;095952;159.600000000;10;9672773623;B
20240221;095952;159.600000000;100;9672773624;B
20240221;095952;159.600000000;100;9672773625;B
20240221;095952;159.600000000;1480;9672773626;B
20240221;095952;159.600000000;10;9672773627;B
20240221;095952;159.600000000;10;9672773628;B
20240221;095952;159.600000000;230;9672773629;B
20240221;095952;159.600000000;10;9672773630;B
20240221;095952;159.600000000;10;9672773631;B
20240221;095952;159.600000000;180;9672773632;S
20240221;095952;159.600000000;310;9672773633;B
20240221;095952;159.600000000;200;9672773634;B
20240221;095952;159.600000000;200;9672773635;B
20240221;095952;159.600000000;10;9672773636;B
20240221;095952;159.600000000;10;9672773637;B
20240221;095952;159.600000000;10;9672773638;B
20240221;095952;159.600000000;10;9672773639;B
20240221;095952;159.600000000;10;9672773640;B
20240221;095952;159.600000000;30;9672773641;B
20240221;095952;159.600000000;10;9672773642;B
20240221;095952;159.600000000;100;9672773643;B
20240221;095952;159.600000000;1380;9672773644;B
20240221;095952;159.600000000;1000;9672773645;B
20240221;095952;159.600000000;2000;9672773646;B
20240221;095952;159.600000000;1400;9672773647;B
20240221;095952;159.600000000;10;9672773648;B
20240221;095952;159.600000000;70;9672773649;B
20240221;095952;159.600000000;50;9672773650;B
20240221;095952;159.600000000;200;9672773651;B
20240221;095952;159.600000000;10;9672773652;B
20240221;095952;159.600000000;50;9672773653;B
20240221;095952;159.600000000;1000;9672773654;B
20240221;095952;159.600000000;400;9672773655;B
20240221;095952;159.600000000;50;9672773656;B
20240221;095952;159.600000000;190;9672773657;B
20240221;095952;159.600000000;90;9672773658;B
20240221;095952;159.600000000;2410;9672773659;B
20240221;095952;159.600000000;10;9672773660;B
20240221;095952;159.600000000;100;9672773661;B
20240221;095952;159.600000000;10;9672773662;B
20240221;095952;159.600000000;1870;9672773663;B
20240221;095952;159.600000000;1000;9672773664;B
20240221;095952;159.600000000;10;9672773665;B
20240221;095952;159.600000000;20;9672773666;B
20240221;095952;159.600000000;200;9672773667;B
20240221;095952;159.600000000;20;9672773668;B
20240221;095952;159.600000000;50;9672773669;B
20240221;095952;159.600000000;2010;9672773670;B
20240221;095952;159.600000000;400;9672773671;B
20240221;095952;159.600000000;450;9672773672;B
20240221;100000;159.650000000;1000;9672776359;B
20240221;100000;159.650000000;1000;9672776360;B
20240221;100000;159.650000000;100;9672776361;B
20240221;100000;159.650000000;90;9672776362;B
20240221;100000;159.660000000;30;9672776363;B
20240221;100000;159.670000000;100;9672776477;S
20240221;100000;159.670000000;100;9672776478;S
20240221;100000;159.660000000;80;9672776479;S
20240221;100000;159.660000000;20;9672776480;S
20240221;100000;159.660000000;230;9672776494;S
20240221;100000;159.660000000;230;9672776495;S
20240221;100000;159.670000000;100;9672776496;B
20240221;100000;159.670000000;360;9672776542;B
20240221;100000;159.670000000;230;9672776543;B
20240221;100000;159.680000000;120;9672776662;B
20240221;100000;159.690000000;100;9672777291;B
20240221;100000;159.690000000;130;9672777310;B
20240221;100000;159.690000000;170;9672777311;B
20240221;100000;159.690000000;300;9672777315;B
20240221;100000;159.690000000;100;9672777323;B
20240221;100000;159.690000000;200;9672777328;B
20240221;100001;159.690000000;200;9672777531;B
20240221;100001;159.690000000;30;9672777541;B
20240221;100001;159.700000000;140;9672777558;B
20240221;100001;159.690000000;10;9672777636;S
20240221;100001;159.700000000;110;9672777669;B
20240221;100001;159.700000000;230;9672777670;B
20240221;100001;159.700000000;150;9672777671;B
20240221;100001;159.710000000;230;9672777672;B
20240221;100001;159.720000000;200;9672777673;B
20240221;100001;159.720000000;230;9672777674;B
20240221;100001;159.720000000;300;9672777675;B
20240221;100001;159.730000000;230;9672777676;B
20240221;100001;159.730000000;2190;9672777677;B
20240221;100001;159.740000000;230;9672777678;B
20240221;100001;159.740000000;230;9672777692;B
20240221;100001;159.740000000;180;9672777700;S
20240221;100001;159.740000000;120;9672777701;S
20240221;100001;159.740000000;180;9672777703;S
20240221;100001;159.740000000;180;9672777704;S
20240221;100001;159.740000000;180;9672777705;S
20240221;100001;159.740000000;180;9672777706;S
20240221;100001;159.740000000;160;9672777707;S
20240221;100001;159.740000000;180;9672777710;S
20240221;100001;159.740000000;820;9672777713;S
20240221;100001;159.740000000;300;9672777730;S
20240221;100001;159.740000000;700;9672777732;S
20240221;100001;159.740000000;300;9672777822;B
20240221;100001;159.740000000;230;9672777823;B
20240221;100001;159.750000000;30;9672777824;B
20240221;100001;159.750000000;50;9672777825;B
20240221;100001;159.750000000;230;9672777826;B
20240221;100001;159.750000000;130;9672777827;B
20240221;100001;159.770000000;230;9672777858;B
20240221;100001;159.770000000;300;9672777859;B
20240221;100001;159.770000000;20;9672777870;S
20240221;100001;159.780000000;10;9672777955;B
20240221;100001;159.780000000;230;9672777956;B
20240221;100001;159.780000000;1390;9672777957;B
20240221;100001;159.780000000;500;9672778003;B
20240221;100001;159.780000000;300;9672778004;B
20240221;100001;159.780000000;230;9672778005;B
20240221;100001;159.790000000;5670;9672778006;B
20240221;100001;159.780000000;100;9672778017;S
20240221;100001;159.780000000;130;9672778319;B
20240221;100001;159.790000000;20;9672778494;B
20240221;100001;159.780000000;40;9672778677;S
20240221;100002;159.790000000;210;9672778834;B
20240221;100002;159.790000000;240;9672778835;B
20240221;100002;159.790000000;460;9672778859;B
20240221;100002;159.790000000;230;9672778861;S
20240221;100002;159.800000000;20;9672778868;B
20240221;100002;159.800000000;30;9672778869;B
20240221;100002;159.800000000;10;9672778870;B
20240221;100002;159.800000000;20;9672778871;B
20240221;100002;159.800000000;150;9672778917;B
20240221;100002;159.790000000;210;9672778941;S
20240221;100002;159.790000000;2190;9672778942;S
20240221;100002;159.800000000;330;9672778948;B
20240221;100002;159.800000000;20;9672778949;B
20240221;100002;159.800000000;300;9672778950;B
20240221;100002;159.800000000;230;9672778951;B
20240221;100002;159.810000000;230;9672778952;B
20240221;100002;159.810000000;190;9672778953;B
20240221;100002;159.820000000;230;9672778954;B
20240221;100002;159.830000000;230;9672778955;B
20240221;100002;159.840000000;200;9672778956;B
20240221;100002;159.840000000;230;9672778957;B
20240221;100002;159.840000000;150;9672778958;S
20240221;100002;159.750000000;900;9672779019;B
20240221;100002;159.750000000;100;9672779020;B
20240221;100002;159.770000000;230;9672779027;B
20240221;100002;159.770000000;170;9672779028;B
20240221;100002;159.780000000;200;9672779035;B
20240221;100002;159.770000000;230;9672779048;B
20240221;100002;159.790000000;230;9672779050;S
20240221;100002;159.850000000;160;9672779108;B
20240221;100002;159.860000000;230;9672779109;B
20240221;100002;159.870000000;230;9672779110;B
20240221;100002;159.870000000;230;9672779111;B
20240221;100002;159.860000000;230;9672779123;B
20240221;100002;159.870000000;540;9672779124;B
20240221;100002;159.870000000;230;9672779268;B
20240221;100002;159.870000000;170;9672779269;B
20240221;100002;159.870000000;1830;9672779277;B
20240221;100002;159.870000000;230;9672779417;B
20240221;100003;159.790000000;10;9672781138;S
20240221;100003;159.790000000;20;9672781579;S
20240221;100003;159.850000000;230;9672781778;B
20240221;100003;159.850000000;230;9672781781;B
20240221;100003;159.850000000;230;9672781785;B
20240221;100003;159.850000000;230;9672781814;B
20240221;100003;159.850000000;230;9672781817;B
20240221;100003;159.850000000;230;9672781827;B
20240221;100003;159.850000000;230;9672781830;B
20240221;100003;159.860000000;100;9672781831;B
20240221;100003;159.860000000;230;9672781832;B
20240221;100003;159.860000000;230;9672781838;B
20240221;100003;159.860000000;230;9672781849;B
20240221;100003;159.870000000;230;9672781850;B
20240221;100003;159.870000000;100;9672781852;S
20240221;100003;159.870000000;230;9672781878;B
20240221;100003;159.880000000;20;9672781879;B
20240221;100003;159.880000000;50;9672781880;B
20240221;100003;159.880000000;250;9672781881;B
20240221;100003;159.880000000;230;9672781882;B
20240221;100003;159.880000000;340;9672781883;B
20240221;100003;159.880000000;230;9672781952;B
20240221;100003;159.890000000;230;9672781953;B
20240221;100003;159.890000000;190;9672781954;B
20240221;100003;159.880000000;230;9672782058;B
20240221;100003;159.890000000;770;9672782059;B
20240221;100004;159.890000000;10;9672782207;B
20240221;100004;159.890000000;110;9672782291;B
20240221;100004;159.820000000;100;9672782360;S
20240221;100004;159.890000000;100;9672782553;B
20240221;100004;159.890000000;10;9672782990;B
20240221;100004;159.900000000;130;9672782991;B
20240221;100004;159.900000000;10;9672782992;B
20240221;100004;159.900000000;10;9672782993;B
20240221;100004;159.900000000;90;9672782994;B
20240221;100005;159.830000000;30;9672784043;S
20240221;100006;159.890000000;10;9672785349;B
20240221;100006;159.830000000;330;9672785352;S
20240221;100006;159.830000000;10;9672785364;S
20240221;100006;159.890000000;10;9672785787;B
20240221;100006;159.830000000;10;9672785788;S
20240221;100006;159.890000000;10;9672785797;B
20240221;100006;159.830000000;10;9672785798;S
20240221;100006;159.830000000;10;9672785807;S
20240221;100006;159.830000000;10;9672785810;S
20240221;100006;159.830000000;30;9672785814;S
20240221;100006;159.830000000;360;9672785818;S
20240221;100006;159.890000000;10;9672785820;B
20240221;100006;159.890000000;10;9672785943;B
20240221;100006;159.890000000;10;9672785949;B
20240221;100006;159.890000000;120;9672785953;B
20240221;100006;159.890000000;10;9672785958;B
20240221;100006;159.830000000;90;9672785965;S
20240221;100006;159.890000000;40;9672786011;B
20240221;100006;159.890000000;40;9672786046;B
20240221;100006;159.890000000;190;9672786056;B
20240221;100006;159.900000000;10;9672786303;B
20240221;100006;159.900000000;10;9672786305;B
20240221;100006;159.890000000;10;9672786311;S
20240221;100006;159.900000000;10;9672786313;B
20240221;100007;159.900000000;10;9672787296;B
20240221;100007;159.900000000;10;9672787299;B
20240221;100007;159.900000000;10;9672787300;B
20240221;100007;159.890000000;90;9672787882;B
20240221;100007;159.880000000;10;9672788337;B
20240221;100007;159.880000000;10;9672788362;B
20240221;100007;159.880000000;10;9672788363;B
20240221;100007;159.880000000;10;9672788366;B
20240221;100007;159.880000000;10;9672788604;B
20240221;100007;159.880000000;10;9672789096;B
20240221;100007;159.870000000;10;9672789097;S
20240221;100007;159.880000000;10;9672789099;B
20240221;100007;159.880000000;10;9672789101;B
20240221;100007;159.880000000;10;9672789102;B
20240221;100008;159.870000000;20;9672789509;S
20240221;100008;159.880000000;50;9672789541;B
20240221;100008;159.880000000;10;9672789621;B
20240221;100008;159.880000000;10;9672789622;B
20240221;100008;159.880000000;10;9672789623;B
20240221;100008;159.880000000;60;9672789624;B
20240221;100008;159.890000000;140;9672789625;B
20240221;100008;159.890000000;90;9672789626;B
20240221;100008;159.880000000;10;9672790180;B
20240221;100008;159.870000000;40;9672790227;S
20240221;100008;159.870000000;4000;9672790272;S
20240221;100008;159.870000000;10;9672790285;S
20240221;100008;159.870000000;10;9672790302;S
20240221;100008;159.880000000;10;9672790340;B
20240221;100008;159.880000000;40;9672790457;B
20240221;100008;159.870000000;10;9672790857;S
20240221;100008;159.870000000;10;9672791262;S
20240221;100008;159.870000000;30;9672791268;S
20240221;100008;159.870000000;10;9672791437;S
20240221;100008;159.880000000;170;9672791456;B
20240221;100008;159.890000000;50;9672791457;B
20240221;100008;159.880000000;10;9672791465;B
20240221;100008;159.880000000;10;9672791467;B
20240221;100008;159.870000000;60;9672791481;S
20240221;100008;159.810000000;330;9672791482;S
20240221;100008;159.880000000;50;9672791493;B
20240221;100008;159.880000000;10;9672791923;B
20240221;100009;159.830000000;10;9672792053;S
20240221;100009;159.830000000;10;9672792074;S
20240221;100009;159.880000000;10;9672792078;B
20240221;100009;159.880000000;20;9672792145;B
20240221;100009;159.880000000;10;9672792158;B
20240221;100009;159.880000000;10;9672792161;B
20240221;100009;159.880000000;40;9672792162;B
20240221;100009;159.880000000;10;9672792167;B
20240221;100009;159.830000000;10;9672793100;S
20240221;100009;159.880000000;10;9672793121;B
20240221;100009;159.880000000;10;9672793126;B
20240221;100009;159.880000000;10;9672793133;B
20240221;100009;159.880000000;10;9672793142;B
20240221;100009;159.880000000;10;9672793155;B
20240221;100009;159.830000000;20;9672793158;S
20240221;100009;159.830000000;10;9672793171;S
20240221;100009;159.830000000;10;9672793179;S
20240221;100009;159.830000000;10;9672793303;S
20240221;100009;159.880000000;20;9672793413;B
20240221;100009;159.880000000;10;9672793417;B
20240221;100009;159.880000000;200;9672793425;B
20240221;100009;159.880000000;600;9672793426;B
20240221;100009;159.830000000;70;9672793434;S
20240221;100009;159.870000000;10;9672793443;B
20240221;100009;159.870000000;220;9672793448;B
20240221;100009;159.880000000;10;9672793456;B
20240221;100009;159.870000000;10;9672793464;S
20240221;100009;159.820000000;1490;9672793465;S
20240221;100009;159.880000000;10;9672793489;B
20240221;100009;159.880000000;10;9672793643;B
20240221;100009;159.880000000;10;9672793656;B
20240221;100009;159.810000000;20;9672793668;S
20240221;100009;159.810000000;10;9672793672;S
20240221;100009;159.880000000;10;9672793683;B
20240221;100009;159.880000000;20;9672793690;B
20240221;100009;159.810000000;10;9672793710;S
20240221;100009;159.810000000;480;9672793986;S
20240221;100010;159.880000000;20;9672794897;B
20240221;100010;159.880000000;10;9672794904;B
20240221;100010;159.880000000;10;9672794926;B
20240221;100010;159.880000000;10;9672794927;B
20240221;100010;159.880000000;10;9672794928;B
20240221;100010;159.880000000;10;9672794932;B
20240221;100010;159.810000000;10;9672794934;S
20240221;100010;159.880000000;10;9672795823;B
20240221;100010;159.810000000;10;9672795826;S
20240221;100010;159.880000000;10;9672795831;B
20240221;100010;159.880000000;10;9672795975;B
20240221;100010;159.810000000;50;9672796039;S
20240221;100010;159.880000000;20;9672796138;B
20240221;100011;159.810000000;10;9672796305;S
20240221;100011;159.810000000;130;9672796466;S
20240221;100011;159.800000000;10;9672796467;S
20240221;100011;159.780000000;60;9672796468;S
20240221;100011;159.830000000;40;9672796540;S
20240221;100011;159.850000000;300;9672796901;B
20240221;100011;159.850000000;230;9672796902;B
20240221;100011;159.860000000;470;9672796903;B
20240221;100011;159.830000000;330;9672796913;S
20240221;100011;159.840000000;40;9672796948;B
20240221;100011;159.780000000;200;9672797266;S
20240221;100011;159.770000000;10;9672797343;S
20240221;100011;159.830000000;80;9672797479;B
20240221;100011;159.830000000;150;9672797516;B
20240221;100011;159.830000000;150;9672797536;S
20240221;100012;159.830000000;230;9672797549;B
20240221;100012;159.830000000;60;9672797555;B
20240221;100012;159.830000000;220;9672798227;B
20240221;100012;159.780000000;400;9672798426;S
20240221;100012;159.780000000;10;9672798453;S
20240221;100013;159.780000000;200;9672798987;S
20240221;100013;159.830000000;210;9672799697;B
20240221;100014;159.830000000;230;9672799922;B
20240221;100014;159.830000000;230;9672799928;B
20240221;100014;159.830000000;230;9672799949;B
20240221;100014;159.840000000;20;9672800204;B
20240221;100014;159.830000000;80;9672800538;S
20240221;100014;159.840000000;10;9672800599;B
20240221;100014;159.830000000;40;9672800647;S
20240221;100015;159.830000000;170;9672801098;S
20240221;100015;159.840000000;10;9672801413;B
20240221;100015;159.830000000;1460;9672801559;S
20240221;100015;159.810000000;220;9672801560;S
20240221;100015;159.810000000;370;9672801561;B
20240221;100015;159.810000000;150;9672801562;B
20240221;100016;159.810000000;20;9672801712;B
20240221;100017;159.790000000;40;9672802305;S
20240221;100017;159.810000000;100;9672802356;B
20240221;100017;159.810000000;50;9672802850;B
20240221;100018;159.810000000;20;9672802867;B
20240221;100018;159.800000000;30;9672803364;S
20240221;100019;159.800000000;70;9672803639;B
20240221;100019;159.800000000;400;9672803818;B
20240221;100019;159.810000000;120;9672803819;B
20240221;100020;159.810000000;80;9672803932;B
20240221;100020;159.790000000;10;9672804236;S
20240221;100021;159.810000000;40;9672804532;B
20240221;100021;159.810000000;10;9672804659;B
20240221;100021;159.810000000;200;9672804895;B
20240221;100021;159.810000000;70;9672805029;B
20240221;100022;159.810000000;150;9672805183;B
20240221;100022;159.810000000;60;9672805284;B
20240221;100022;159.810000000;20;9672805314;B
20240221;100023;159.810000000;260;9672805764;B
20240221;100023;159.820000000;230;9672805765;B
20240221;100023;159.830000000;230;9672805766;B
20240221;100023;159.830000000;170;9672805767;B
20240221;100023;159.830000000;450;9672805792;B
20240221;100023;159.830000000;20;9672805974;B
20240221;100024;159.790000000;2140;9672806312;S
20240221;100024;159.790000000;300;9672806313;S
20240221;100024;159.790000000;10;9672806314;S
20240221;100024;159.780000000;10;9672806315;S
20240221;100024;159.750000000;150;9672806316;S
20240221;100024;159.750000000;40;9672806317;S
20240221;100024;159.740000000;350;9672806318;S
20240221;100025;159.750000000;30;9672806639;S
20240221;100025;159.780000000;30;9672806902;B
20240221;100025;159.780000000;160;9672806999;B
20240221;100025;159.780000000;20;9672807016;B
20240221;100026;159.750000000;20;9672807214;S
20240221;100026;159.750000000;10;9672807348;S
20240221;100026;159.780000000;500;9672807493;B
20240221;100027;159.780000000;230;9672807993;B
20240221;100028;159.750000000;200;9672808121;S
20240221;100028;159.780000000;10;9672808187;B
20240221;100029;159.770000000;40;9672808818;B
20240221;100029;159.780000000;50;9672808819;B
20240221;100029;159.790000000;1510;9672808820;B
20240221;100029;159.720000000;400;9672808895;S
20240221;100029;159.720000000;10;9672809020;S
20240221;100029;159.790000000;10;9672809321;B
20240221;100030;159.790000000;310;9672809632;B
20240221;100030;159.810000000;20;9672809682;B
20240221;100030;159.810000000;50;9672809752;B
20240221;100030;159.810000000;160;9672809780;B
20240221;100030;159.810000000;130;9672809805;B
20240221;100030;159.810000000;50;9672809808;B
20240221;100030;159.810000000;150;9672809813;B
20240221;100030;159.810000000;100;9672809817;B
20240221;100031;159.810000000;340;9672810332;B
20240221;100031;159.810000000;230;9672810333;B
20240221;100031;159.810000000;2000;9672810334;B
20240221;100031;159.820000000;1000;9672810335;B
20240221;100031;159.820000000;230;9672810336;B
20240221;100031;159.820000000;2000;9672810337;B
20240221;100031;159.820000000;300;9672810338;B
20240221;100031;159.830000000;10;9672810339;B
20240221;100031;159.830000000;230;9672810340;B
20240221;100031;159.830000000;1000;9672810341;B
20240221;100031;159.830000000;1470;9672810342;B
20240221;100031;159.830000000;1890;9672810343;B
20240221;100031;159.840000000;230;9672810344;B
20240221;100031;159.840000000;5000;9672810345;B
20240221;100031;159.840000000;1000;9672810346;B
20240221;100031;159.840000000;2500;9672810347;B
20240221;100031;159.840000000;570;9672810348;S
20240221;100031;159.760000000;300;9672810358;S
20240221;100031;159.750000000;240;9672810359;S
20240221;100031;159.750000000;40;9672810361;B
20240221;100031;159.750000000;80;9672810362;B
20240221;100031;159.740000000;10;9672810366;S
20240221;100031;159.750000000;40;9672810383;B
20240221;100032;159.760000000;10;9672810511;S
20240221;100034;159.790000000;20;9672811493;B
20240221;100034;159.790000000;80;9672811710;B
20240221;100034;159.800000000;40;9672811711;B
20240221;100034;159.820000000;230;9672811737;S
20240221;100034;159.760000000;70;9672811738;S
20240221;100034;159.850000000;20;9672811991;B
20240221;100034;159.850000000;10;9672812040;B
20240221;100035;159.850000000;10;9672812257;B
20240221;100035;159.870000000;230;9672812357;B
20240221;100035;159.870000000;410;9672812358;B
20240221;100036;159.870000000;470;9672812776;B
20240221;100036;159.870000000;120;9672812795;B
20240221;100036;159.870000000;230;9672812796;B
20240221;100036;159.880000000;50;9672813178;B
20240221;100036;159.880000000;200;9672813179;B
20240221;100036;159.880000000;260;9672813289;B
20240221;100037;159.880000000;540;9672813331;B
20240221;100037;159.880000000;120;9672813332;B
20240221;100037;159.880000000;300;9672813333;B
20240221;100037;159.880000000;580;9672813334;B
20240221;100037;159.880000000;230;9672813335;B
20240221;100037;159.880000000;470;9672813342;B
20240221;100037;159.840000000;640;9672813343;S
20240221;100037;159.870000000;470;9672813541;B
20240221;100037;159.870000000;240;9672813713;B
20240221;100037;159.870000000;120;9672813779;B
20240221;100037;159.870000000;170;9672813793;B
20240221;100037;159.870000000;290;9672813794;B
20240221;100037;159.860000000;710;9672813807;S
20240221;100037;159.880000000;150;9672813869;B
20240221;100037;159.880000000;380;9672813890;B
20240221;100037;159.880000000;230;9672813891;B
20240221;100037;159.880000000;100;9672813892;B
20240221;100037;159.890000000;230;9672813893;B
20240221;100037;159.890000000;20;9672813894;B
20240221;100038;159.840000000;10;9672814140;S
20240221;100038;159.840000000;100;9672814201;S
20240221;100039;159.880000000;20;9672814505;B
20240221;100039;159.880000000;10;9672814548;B
20240221;100039;159.880000000;10;9672814570;B
20240221;100040;159.880000000;960;9672814740;B
20240221;100040;159.880000000;100;9672814741;B
20240221;100040;159.880000000;1000;9672814742;B
20240221;100040;159.880000000;1000;9672814744;B
20240221;100040;159.880000000;30;9672814746;B
20240221;100040;159.830000000;70;9672814835;S
20240221;100040;159.880000000;50;9672815121;B
20240221;100040;159.810000000;100;9672815130;S
20240221;100041;159.880000000;10;9672815303;B
20240221;100041;159.830000000;50;9672815349;S
20240221;100041;159.880000000;910;9672815369;B
20240221;100041;159.890000000;60;9672815370;B
20240221;100041;159.830000000;10;9672815427;S
20240221;100042;159.830000000;10;9672815742;S
20240221;100042;159.830000000;40;9672815753;S
20240221;100043;159.880000000;240;9672816007;B
20240221;100043;159.880000000;360;9672816015;B
20240221;100043;159.880000000;400;9672816044;B
20240221;100043;159.890000000;540;9672816045;B
20240221;100043;159.890000000;820;9672816053;B
20240221;100043;159.880000000;10;9672816095;B
20240221;100043;159.880000000;20;9672816271;B
20240221;100043;159.880000000;10;9672816286;B
20240221;100043;159.860000000;10;9672816347;S
20240221;100043;159.860000000;2200;9672816348;S
20240221;100045;159.860000000;350;9672816841;S
20240221;100045;159.880000000;10;9672816958;B
20240221;100045;159.860000000;100;9672816984;S
20240221;100045;159.860000000;1340;9672817045;S
20240221;100045;159.860000000;560;9672817046;S
20240221;100045;159.870000000;40;9672817070;B
20240221;100045;159.860000000;20;9672817120;S
20240221;100046;159.870000000;1170;9672817273;B
20240221;100046;159.880000000;950;9672817306;B
20240221;100046;159.880000000;220;9672817307;B
20240221;100046;159.880000000;520;9672817401;B
20240221;100046;159.880000000;260;9672817417;B
20240221;100046;159.880000000;260;9672817418;B
20240221;100046;159.880000000;150;9672817482;B
20240221;100046;159.880000000;150;9672817494;B
20240221;100046;159.880000000;440;9672817516;B
20240221;100046;159.880000000;440;9672817535;B
20240221;100046;159.880000000;560;9672817580;B
20240221;100046;159.880000000;20;9672817692;B
20240221;100046;159.890000000;120;9672817709;B
20240221;100046;159.890000000;1060;9672817860;B
20240221;100046;159.880000000;10;9672817867;S
20240221;100046;159.890000000;1400;9672817896;B
20240221;100047;159.890000000;940;9672817989;B
20240221;100047;159.890000000;1180;9672818140;B
20240221;100047;159.880000000;10;9672818197;S
20240221;100047;159.870000000;80;9672818198;S
20240221;100047;159.890000000;3860;9672818199;B
20240221;100047;159.890000000;50;9672818200;B
20240221;100047;159.890000000;750;9672818201;B
20240221;100047;159.890000000;20;9672818209;B
20240221;100048;159.890000000;200;9672818733;B
20240221;100049;159.880000000;10;9672818820;S
20240221;100049;159.890000000;30;9672818861;B
20240221;100049;159.890000000;900;9672818862;B
20240221;100049;159.900000000;9070;9672818863;B
20240221;100049;159.890000000;100;9672819204;B
20240221;100049;159.880000000;40;9672819271;S
20240221;100049;159.880000000;300;9672819272;S
20240221;100049;159.880000000;160;9672819273;S
20240221;100050;159.880000000;10;9672819439;S
20240221;100050;159.890000000;370;9672819689;B
20240221;100050;159.890000000;370;9672819698;B
20240221;100052;159.890000000;160;9672820420;B
20240221;100052;159.890000000;1000;9672820421;B
20240221;100052;159.890000000;260;9672820422;B
20240221;100052;159.900000000;7050;9672820451;B
20240221;100052;159.900000000;7050;9672820452;B
20240221;100053;159.900000000;1020;9672821044;B
20240221;100054;159.900000000;2690;9672821085;B
20240221;100054;159.900000000;230;9672821098;B
20240221;100054;159.900000000;230;9672821121;B
20240221;100054;159.900000000;10;9672821252;B
20240221;100054;159.900000000;50;9672821366;B
20240221;100055;159.900000000;50;9672821620;B
20240221;100056;159.890000000;10;9672821640;S
20240221;100056;159.900000000;300;9672821674;B
20240221;100056;159.900000000;940;9672821805;B
20240221;100056;159.900000000;940;9672821833;B
20240221;100056;159.900000000;60;9672821883;B
20240221;100056;159.900000000;10;9672821901;B
20240221;100057;159.900000000;220;9672821982;B
20240221;100057;159.900000000;220;9672822002;B
20240221;100058;159.890000000;640;9672822336;S
20240221;100058;159.890000000;20;9672822426;S
20240221;100058;159.890000000;20;9672822518;S
20240221;100058;159.900000000;120;9672822548;B
20240221;100058;159.900000000;10;9672822637;B
20240221;100059;159.890000000;1490;9672822710;S
20240221;100059;159.890000000;120;9672822711;S
20240221;100059;159.880000000;190;9672822712;S
20240221;100059;159.880000000;810;9672822715;S
20240221;100059;159.870000000;10;9672822716;S
20240221;100059;159.870000000;10;9672822717;S
20240221;100059;159.870000000;300;9672822718;S
20240221;100059;159.870000000;10;9672822938;B
20240221;100100;159.870000000;120;9672823134;B
20240221;100100;159.870000000;120;9672823149;B
20240221;100101;159.870000000;10;9672823364;B
20240221;100102;159.860000000;40;9672823664;S
20240221;100102;159.860000000;10;9672823665;S
20240221;100102;159.870000000;580;9672823743;B
20240221;100102;159.870000000;580;9672823762;B
20240221;100103;159.850000000;10;9672824078;S
20240221;100103;159.870000000;60;9672824088;B
20240221;100103;159.860000000;350;9672824304;B
20240221;100104;159.860000000;350;9672824436;B
20240221;100104;159.860000000;200;9672824437;B
20240221;100104;159.860000000;530;9672824438;B
20240221;100104;159.870000000;520;9672824439;B
20240221;100104;159.870000000;580;9672824440;B
20240221;100104;159.870000000;1070;9672824441;B
20240221;100104;159.870000000;10;9672824535;B
20240221;100104;159.870000000;10;9672824565;B
20240221;100104;159.870000000;10;9672824602;B
20240221;100104;159.870000000;100;9672824603;B
20240221;100104;159.870000000;10;9672824611;B
20240221;100104;159.870000000;20;9672824612;B
20240221;100104;159.870000000;10;9672824629;B
20240221;100104;159.870000000;240;9672824671;B
20240221;100104;159.870000000;40;9672824676;B
20240221;100104;159.870000000;10;9672824689;B
20240221;100104;159.870000000;240;9672824694;B
20240221;100104;159.870000000;20;9672824698;B
20240221;100105;159.870000000;10;9672824739;B
20240221;100105;159.870000000;20;9672824740;B
20240221;100105;159.870000000;20;9672824852;B
20240221;100105;159.870000000;50;9672824853;B
20240221;100105;159.870000000;30;9672824977;B
20240221;100105;159.870000000;160;9672824978;B
20240221;100105;159.870000000;20;9672825005;B
20240221;100105;159.870000000;30;9672825007;B
20240221;100106;159.870000000;10;9672825299;B
20240221;100107;159.870000000;120;9672825403;B
20240221;100107;159.870000000;120;9672825411;B
20240221;100107;159.870000000;110;9672825426;B
20240221;100107;159.870000000;700;9672825443;B
20240221;100107;159.870000000;100;9672825453;B
20240221;100107;159.870000000;840;9672825454;B
20240221;100107;159.870000000;350;9672825466;B
20240221;100107;159.860000000;300;9672825541;S
20240221;100107;159.860000000;330;9672825542;S
20240221;100107;159.860000000;1370;9672825543;S
20240221;100108;159.870000000;10;9672825804;B
20240221;100109;159.860000000;30;9672826023;S
20240221;100109;159.870000000;370;9672826261;B
20240221;100109;159.870000000;310;9672826262;B
20240221;100110;159.880000000;10;9672826496;S
20240221;100111;159.890000000;10;9672826806;B
20240221;100112;159.890000000;10;9672827216;B
20240221;100113;159.890000000;20;9672827669;B
20240221;100113;159.890000000;10;9672827670;B
20240221;100113;159.900000000;100;9672827671;B
20240221;100113;159.900000000;320;9672827672;B
20240221;100114;159.880000000;10;9672828057;S
20240221;100117;159.900000000;10;9672829015;B
20240221;100117;159.900000000;1170;9672829029;B
20240221;100117;159.910000000;320;9672829030;B
20240221;100117;159.920000000;100;9672829031;B
20240221;100117;159.920000000;1000;9672829032;B
20240221;100117;159.930000000;1000;9672829033;B
20240221;100117;159.930000000;300;9672829034;B
20240221;100117;159.940000000;1000;9672829035;B
20240221;100117;159.950000000;3110;9672829036;B
20240221;100118;159.880000000;10;9672829243;S
20240221;100119;159.930000000;40;9672829426;S
20240221;100119;159.880000000;40;9672829427;S
20240221;100119;159.890000000;60;9672829507;S
20240221;100119;159.880000000;930;9672829508;S
20240221;100120;159.900000000;10;9672829696;B
20240221;100120;159.900000000;10;9672829754;B
20240221;100120;159.900000000;390;9672829755;S
20240221;100120;159.880000000;250;9672829912;S
20240221;100121;159.880000000;10;9672830032;S
20240221;100124;159.900000000;120;9672830766;B
20240221;100125;159.880000000;60;9672831105;S
20240221;100125;159.880000000;1600;9672831106;S
20240221;100125;159.880000000;10;9672831107;S
20240221;100125;159.870000000;10;9672831108;S
20240221;100125;159.870000000;100;9672831109;S
20240221;100125;159.860000000;120;9672831110;S
20240221;100125;159.860000000;100;9672831111;S
20240221;100126;159.850000000;290;9672831543;S
20240221;100126;159.850000000;10;9672831544;S
20240221;100126;159.850000000;10;9672831545;S
20240221;100126;159.850000000;10;9672831546;S
20240221;100126;159.850000000;100;9672831547;S
20240221;100126;159.840000000;560;9672831548;S
20240221;100126;159.830000000;20;9672831549;S
20240221;100128;159.840000000;290;9672831869;B
20240221;100128;159.840000000;360;9672831870;B
20240221;100128;159.840000000;10;9672831991;B
20240221;100131;159.840000000;120;9672832583;B
20240221;100131;159.860000000;280;9672832584;B
20240221;100131;159.870000000;10;9672832633;B
20240221;100131;159.870000000;300;9672832634;B
20240221;100131;159.870000000;310;9672832638;B
20240221;100131;159.870000000;150;9672832639;B
20240221;100132;159.830000000;30;9672833151;S
20240221;100132;159.830000000;10;9672833152;S
20240221;100132;159.830000000;370;9672833153;S
20240221;100132;159.820000000;100;9672833154;S
20240221;100132;159.820000000;30;9672833155;S
20240221;100132;159.820000000;130;9672833156;S
20240221;100132;159.820000000;1170;9672833157;S
20240221;100132;159.810000000;40;9672833158;S
20240221;100132;159.810000000;280;9672833159;S
20240221;100132;159.800000000;100;9672833160;S
20240221;100132;159.800000000;10;9672833161;S
20240221;100132;159.800000000;10;9672833162;S
20240221;100132;159.800000000;1250;9672833163;S
20240221;100132;159.800000000;230;9672833164;S
20240221;100132;159.800000000;1000;9672833165;S
20240221;100132;159.800000000;10;9672833166;S
20240221;100132;159.800000000;130;9672833167;S
20240221;100132;159.800000000;100;9672833168;S
20240221;100132;159.850000000;20;9672833379;B
20240221;100134;159.840000000;30;9672833838;B
20240221;100134;159.840000000;30;9672833962;B
20240221;100135;159.830000000;10;9672834351;B
20240221;100135;159.830000000;30;9672834447;B
20240221;100135;159.830000000;130;9672834448;B
20240221;100136;159.830000000;240;9672834744;B
20240221;100137;159.830000000;90;9672834987;B
20240221;100137;159.790000000;500;9672835027;S
20240221;100138;159.830000000;210;9672835400;B
20240221;100138;159.840000000;270;9672835473;B
20240221;100138;159.840000000;630;9672835474;B
20240221;100139;159.790000000;500;9672835872;S
20240221;100139;159.790000000;40;9672835873;S
20240221;100139;159.790000000;230;9672835874;S
20240221;100139;159.790000000;300;9672835875;S
20240221;100139;159.790000000;160;9672835876;S
20240221;100139;159.780000000;10;9672835877;S
20240221;100139;159.780000000;310;9672835878;S
20240221;100139;159.840000000;10;9672835887;B
20240221;100139;159.790000000;40;9672835888;S
20240221;100140;159.840000000;10;9672836089;B
20240221;100140;159.790000000;1310;9672836142;S
20240221;100140;159.790000000;190;9672836143;S
20240221;100143;159.830000000;100;9672836990;B
20240221;100144;159.820000000;10;9672837170;B
20240221;100146;159.800000000;10;9672837527;S
20240221;100146;159.790000000;30;9672837528;S
20240221;100146;159.780000000;10;9672837529;S
20240221;100146;159.820000000;40;9672837537;B
20240221;100146;159.830000000;270;9672837599;B
20240221;100146;159.840000000;10;9672837735;B
20240221;100147;159.830000000;270;9672837898;S
20240221;100147;159.830000000;360;9672837899;B
20240221;100148;159.830000000;370;9672838072;B
20240221;100148;159.840000000;630;9672838073;B
20240221;100148;159.840000000;60;9672838161;B
20240221;100148;159.840000000;440;9672838162;B
20240221;100148;159.840000000;10;9672838316;B
20240221;100149;159.810000000;300;9672838326;S
20240221;100149;159.800000000;20;9672838327;S
20240221;100149;159.800000000;30;9672838328;S
20240221;100149;159.840000000;20;9672838464;B
20240221;100150;159.840000000;10;9672838614;B
20240221;100150;159.840000000;80;9672838640;B
20240221;100150;159.800000000;60;9672838797;S
20240221;100150;159.840000000;40;9672838828;B
20240221;100152;159.800000000;240;9672839276;S
20240221;100152;159.790000000;230;9672839277;S
20240221;100152;159.790000000;20;9672839278;S
20240221;100152;159.830000000;90;9672839290;B
20240221;100152;159.830000000;260;9672839291;B
20240221;100152;159.840000000;400;9672839323;B
20240221;100152;159.850000000;190;9672839347;B
20240221;100152;159.850000000;60;9672839451;B
20240221;100152;159.850000000;250;9672839452;B
20240221;100152;159.850000000;490;9672839453;B
20240221;100153;159.850000000;80;9672839596;B
20240221;100153;159.850000000;10;9672839667;B
20240221;100153;159.850000000;110;9672839695;B
20240221;100153;159.850000000;590;9672839725;B
20240221;100153;159.860000000;70;9672839856;B
20240221;100154;159.860000000;470;9672840095;B
20240221;100155;159.880000000;330;9672840251;B
20240221;100156;159.870000000;120;9672840405;B
20240221;100156;159.840000000;20;9672840427;S
20240221;100158;159.850000000;10;9672841124;S
20240221;100159;159.870000000;10;9672841414;B
20240221;100159;159.870000000;230;9672841439;B
20240221;100159;159.870000000;710;9672841470;B
20240221;100159;159.850000000;10;9672841486;S
20240221;100159;159.850000000;50;9672841555;S
20240221;100200;159.880000000;720;9672841705;B
20240221;100200;159.880000000;100;9672841706;B
20240221;100200;159.890000000;1030;9672841717;B
20240221;100200;159.900000000;150;9672841845;B
20240221;100200;159.900000000;1020;9672841846;B
20240221;100200;159.900000000;1170;9672841877;B
20240221;100200;159.900000000;1490;9672841922;B
20240221;100200;159.900000000;500;9672841923;B
20240221;100200;159.900000000;50;9672841924;B
20240221;100200;159.900000000;2490;9672841925;B
20240221;100201;159.900000000;100;9672841996;B
20240221;100201;159.900000000;700;9672842162;B
20240221;100201;159.900000000;1180;9672842181;B
20240221;100201;159.900000000;230;9672842243;B
20240221;100201;159.860000000;300;9672842282;S
20240221;100202;159.900000000;240;9672842437;B
20240221;100202;159.900000000;960;9672842525;B
20240221;100202;159.900000000;2610;9672842532;B
20240221;100204;159.890000000;100;9672843014;B
20240221;100204;159.900000000;20;9672843015;B
20240221;100204;159.900000000;160;9672843042;B
20240221;100204;159.930000000;300;9672843168;B
20240221;100205;159.900000000;10;9672843436;S
20240221;100205;159.930000000;30;9672843638;B
20240221;100206;159.930000000;220;9672843811;B
20240221;100206;159.950000000;80;9672843812;B
20240221;100206;159.940000000;300;9672843815;B
20240221;100206;159.950000000;500;9672843816;B
20240221;100207;159.900000000;210;9672843904;S
20240221;100207;159.900000000;790;9672843905;B
20240221;100207;159.950000000;570;9672843906;B
20240221;100209;159.920000000;20;9672844414;B
20240221;100209;159.930000000;30;9672844415;B
20240221;100209;159.900000000;20;9672844462;S
20240221;100210;159.900000000;10;9672844580;B
20240221;100210;159.900000000;20;9672844657;B
20240221;100210;159.950000000;80;9672844658;B
20240221;100211;159.910000000;250;9672844795;S
20240221;100211;159.940000000;300;9672844835;B
20240221;100211;159.950000000;1660;9672844836;B
20240221;100211;159.950000000;40;9672844837;B
20240221;100211;159.940000000;10;9672844913;B
20240221;100213;159.940000000;290;9672845410;B
20240221;100213;159.940000000;210;9672845411;B
20240221;100215;159.930000000;80;9672845801;S
20240221;100215;159.910000000;150;9672845914;S
20240221;100216;159.920000000;240;9672846034;B
20240221;100216;159.910000000;600;9672846074;S
20240221;100216;159.900000000;10;9672846075;S
20240221;100216;159.900000000;60;9672846076;S
20240221;100216;159.880000000;330;9672846077;S
20240221;100217;159.880000000;250;9672846431;S
20240221;100218;159.910000000;60;9672846564;B
20240221;100218;159.910000000;90;9672846565;B
20240221;100220;159.900000000;100;9672847069;S
20240221;100221;159.900000000;10;9672847166;B
20240221;100221;159.890000000;20;9672847302;B
20240221;100223;159.890000000;60;9672847709;B
20240221;100223;159.890000000;10;9672847729;B
20240221;100223;159.870000000;1820;9672847762;S
20240221;100223;159.850000000;60;9672847763;S
20240221;100223;159.850000000;120;9672847764;S
20240221;100223;159.890000000;10;9672847765;B
20240221;100224;159.890000000;20;9672847825;B
20240221;100224;159.890000000;10;9672848012;B
20240221;100225;159.890000000;120;9672848036;B
20240221;100225;159.890000000;30;9672848083;B
20240221;100225;159.890000000;1170;9672848263;B
20240221;100225;159.890000000;20;9672848330;B
20240221;100227;159.870000000;10;9672848887;B
20240221;100228;159.870000000;10;9672848993;B
20240221;100228;159.870000000;100;9672849058;B
20240221;100228;159.870000000;280;9672849164;B
20240221;100228;159.870000000;890;9672849165;B
20240221;100228;159.870000000;10;9672849215;B
20240221;100228;159.890000000;70;9672849216;B
20240221;100228;159.900000000;990;9672849217;B
20240221;100228;159.900000000;110;9672849218;B
20240221;100228;159.890000000;60;9672849290;B
20240221;100228;159.900000000;10;9672849291;B
20240221;100228;159.860000000;10;9672849310;S
20240221;100229;159.900000000;10;9672849415;B
20240221;100229;159.900000000;120;9672849438;B
20240221;100229;159.910000000;80;9672849439;B
20240221;100229;159.900000000;1500;9672849492;B
20240221;100229;159.900000000;3500;9672849504;B
20240221;100229;159.910000000;140;9672849505;B
20240221;100230;159.860000000;300;9672849568;S
20240221;100230;159.850000000;50;9672849569;S
20240221;100230;159.850000000;10;9672849570;S
20240221;100230;159.850000000;1890;9672849571;S
20240221;100230;159.840000000;180;9672849572;S
20240221;100230;159.840000000;100;9672849573;S
20240221;100230;159.840000000;200;9672849574;S
20240221;100230;159.840000000;10;9672849575;S
20240221;100230;159.840000000;1000;9672849576;S
20240221;100230;159.840000000;40;9672849577;S
20240221;100230;159.840000000;520;9672849578;S
20240221;100230;159.910000000;280;9672849599;B
20240221;100230;159.910000000;60;9672849600;B
20240221;100230;159.910000000;300;9672849601;B
20240221;100230;159.920000000;1860;9672849602;B
20240221;100231;159.900000000;10;9672849857;S
20240221;100232;159.900000000;2520;9672850227;B
20240221;100233;159.900000000;80;9672850417;B
20240221;100233;159.890000000;10;9672850501;S
20240221;100233;159.890000000;20;9672850502;S
20240221;100233;159.900000000;30;9672850552;B
20240221;100234;159.890000000;40;9672850682;S
20240221;100234;159.890000000;690;9672850721;S
20240221;100234;159.890000000;160;9672850753;B
20240221;100234;159.890000000;10;9672850780;B
20240221;100235;159.870000000;200;9672851275;S
20240221;100236;159.880000000;10;9672851726;B
20240221;100236;159.870000000;10;9672852097;S
20240221;100239;159.880000000;50;9672852927;B
20240221;100240;159.880000000;10;9672853315;B
20240221;100242;159.880000000;60;9672853740;B
20240221;100242;159.870000000;40;9672853767;S
20240221;100242;159.870000000;100;9672853768;S
20240221;100242;159.850000000;60;9672853769;S
20240221;100244;159.880000000;170;9672854290;B
20240221;100244;159.880000000;130;9672854291;B
20240221;100245;159.880000000;870;9672854440;B
20240221;100245;159.880000000;300;9672854441;B
20240221;100245;159.880000000;80;9672854442;B
20240221;100247;159.880000000;10;9672854877;B
20240221;100247;159.870000000;50;9672854901;S
20240221;100247;159.850000000;20;9672854902;S
20240221;100247;159.850000000;40;9672854903;S
20240221;100247;159.850000000;10;9672854904;S
20240221;100247;159.840000000;280;9672854905;S
20240221;100247;159.840000000;100;9672854988;S
20240221;100247;159.840000000;40;9672854989;S
20240221;100247;159.840000000;180;9672854990;S
20240221;100247;159.830000000;680;9672854991;S
20240221;100249;159.870000000;10;9672855565;B
20240221;100252;159.870000000;10;9672856386;B
20240221;100252;159.850000000;20;9672856544;S
20240221;100252;159.850000000;20;9672856545;S
20240221;100252;159.870000000;10;9672856714;B
20240221;100253;159.870000000;10;9672856831;B
20240221;100253;159.870000000;10;9672856832;B
20240221;100256;159.850000000;10;9672857601;S
20240221;100257;159.870000000;30;9672858058;B
20240221;100258;159.870000000;10;9672858369;B
20240221;100259;159.870000000;40;9672858572;B
20240221;100259;159.870000000;20;9672858573;B
20240221;100259;159.870000000;150;9672858574;B
20240221;100259;159.870000000;20;9672858598;B
20240221;100300;159.870000000;200;9672858633;B
20240221;100301;159.840000000;200;9672858896;S
20240221;100301;159.820000000;300;9672858897;S
20240221;100302;159.870000000;10;9672859123;B
20240221;100302;159.870000000;20;9672859247;B
20240221;100302;159.870000000;10;9672859355;B
20240221;100303;159.870000000;10;9672859590;B
20240221;100303;159.870000000;10;9672859657;B
20240221;100304;159.870000000;10;9672859867;B
20240221;100305;159.870000000;60;9672859944;B
20240221;100305;159.870000000;20;9672860172;B
20240221;100306;159.870000000;230;9672860445;B
20240221;100306;159.870000000;240;9672860489;B
20240221;100306;159.870000000;50;9672860549;B
20240221;100306;159.870000000;10;9672860631;B
20240221;100306;159.850000000;10;9672860691;S
20240221;100307;159.870000000;10;9672860803;B
20240221;100308;159.850000000;40;9672861537;S
20240221;100308;159.850000000;100;9672861538;S
20240221;100309;159.850000000;100;9672861750;B
20240221;100309;159.840000000;10;9672861792;S
20240221;100309;159.830000000;10;9672861793;S
20240221;100309;159.830000000;30;9672861794;S
20240221;100309;159.840000000;520;9672861795;B
20240221;100309;159.840000000;30;9672861884;B
20240221;100310;159.830000000;10;9672861914;S
20240221;100310;159.830000000;100;9672862056;S
20240221;100311;159.840000000;10;9672862263;B
20240221;100313;159.830000000;50;9672862590;S
20240221;100313;159.840000000;200;9672862683;B
20240221;100314;159.840000000;10;9672862793;B
20240221;100314;159.840000000;100;9672862888;B
20240221;100315;159.840000000;1020;9672862999;B
20240221;100315;159.840000000;120;9672863000;B
20240221;100315;159.830000000;150;9672863028;S
20240221;100315;159.830000000;100;9672863097;B
20240221;100316;159.820000000;80;9672863163;S
20240221;100318;159.820000000;80;9672863772;S
20240221;100318;159.830000000;20;9672863773;B
20240221;100319;159.820000000;2040;9672863992;S
20240221;100319;159.820000000;10;9672863993;S
20240221;100319;159.800000000;100;9672863994;S
20240221;100319;159.800000000;1850;9672863995;S
20240221;100319;159.800000000;10;9672863996;S
20240221;100320;159.830000000;10;9672864340;B
20240221;100320;159.830000000;20;9672864414;B
20240221;100320;159.830000000;300;9672864415;B
20240221;100320;159.830000000;390;9672864416;B
20240221;100320;159.840000000;190;9672864417;B
20240221;100321;159.840000000;70;9672864666;B
20240221;100321;159.840000000;20;9672864667;B
20240221;100322;159.820000000;10;9672864841;S
20240221;100322;159.800000000;2540;9672864842;S
20240221;100322;159.800000000;10;9672864843;S
20240221;100322;159.800000000;10;9672864844;S
20240221;100322;159.800000000;40;9672864845;S
20240221;100322;159.800000000;500;9672864846;S
20240221;100322;159.800000000;200;9672864847;S
20240221;100322;159.800000000;60;9672864848;S
20240221;100322;159.800000000;10;9672864849;S
20240221;100322;159.790000000;20;9672864850;S
20240221;100322;159.790000000;10;9672864851;S
20240221;100322;159.790000000;70;9672864852;S
20240221;100322;159.780000000;680;9672864853;S
20240221;100322;159.780000000;10;9672864854;S
20240221;100322;159.770000000;1000;9672864855;S
20240221;100322;159.770000000;230;9672864856;S
20240221;100322;159.770000000;200;9672864857;S
20240221;100322;159.770000000;300;9672864858;S
20240221;100322;159.760000000;1000;9672864859;S
20240221;100322;159.760000000;230;9672864860;S
20240221;100322;159.760000000;10;9672864861;S
20240221;100322;159.760000000;380;9672864862;S
20240221;100322;159.750000000;1000;9672864863;S
20240221;100322;159.750000000;230;9672864864;S
20240221;100322;159.750000000;50;9672864865;S
20240221;100322;159.750000000;30;9672864866;S
20240221;100322;159.750000000;3100;9672864867;S
20240221;100322;159.750000000;3780;9672864868;S
20240221;100322;159.740000000;60;9672864869;S
20240221;100322;159.740000000;1000;9672864870;S
20240221;100322;159.740000000;230;9672864871;S
20240221;100322;159.740000000;3000;9672864872;S
20240221;100323;159.820000000;300;9672865032;B
20240221;100323;159.820000000;1890;9672865033;B
20240221;100323;159.820000000;810;9672865034;B
20240221;100323;159.760000000;20;9672865036;S
20240221;100323;159.810000000;10;9672865144;B
20240221;100323;159.810000000;10;9672865192;B
20240221;100324;159.810000000;10;9672865481;B
20240221;100326;159.830000000;40;9672865948;B
20240221;100326;159.770000000;10;9672865951;S
20240221;100327;159.760000000;3990;9672866105;S
20240221;100327;159.750000000;300;9672866106;S
20240221;100327;159.740000000;710;9672866107;S
20240221;100329;159.820000000;20;9672866742;B
20240221;100329;159.780000000;10;9672866800;S
20240221;100329;159.740000000;290;9672866801;S
20240221;100329;159.740000000;390;9672866802;S
20240221;100329;159.730000000;310;9672866803;S
20240221;100330;159.740000000;300;9672866885;S
20240221;100330;159.740000000;210;9672866886;S
20240221;100330;159.740000000;5360;9672866887;S
20240221;100330;159.730000000;200;9672866888;S
20240221;100330;159.730000000;1000;9672866889;S
20240221;100330;159.730000000;10;9672866890;S
20240221;100330;159.730000000;230;9672866891;S
20240221;100330;159.720000000;1000;9672866892;S
20240221;100330;159.720000000;230;9672866893;S
20240221;100330;159.710000000;10;9672866894;S
20240221;100330;159.710000000;300;9672866895;S
20240221;100330;159.710000000;230;9672866896;S
20240221;100330;159.710000000;920;9672866897;S
20240221;100330;159.800000000;10;9672866937;B
20240221;100330;159.760000000;80;9672867126;B
20240221;100330;159.760000000;60;9672867160;B
20240221;100331;159.760000000;10;9672867458;B
20240221;100331;159.760000000;10;9672867491;B
20240221;100332;159.750000000;10;9672867785;B
20240221;100333;159.750000000;100;9672867991;B
20240221;100334;159.760000000;10;9672868312;B
20240221;100335;159.760000000;830;9672868437;B
20240221;100335;159.760000000;70;9672868438;B
20240221;100335;159.770000000;10;9672868463;B
20240221;100336;159.770000000;10;9672868690;B
20240221;100337;159.730000000;10;9672868764;S
20240221;100337;159.720000000;10;9672868765;S
20240221;100337;159.710000000;300;9672868766;S
20240221;100337;159.700000000;10;9672868767;S
20240221;100337;159.700000000;10;9672868768;S
20240221;100337;159.700000000;10;9672868769;S
20240221;100337;159.700000000;150;9672868770;S
20240221;100337;159.770000000;30;9672868913;B
20240221;100337;159.720000000;30;9672869019;S
20240221;100337;159.710000000;4010;9672869020;S
20240221;100337;159.710000000;1260;9672869021;S
20240221;100339;159.750000000;110;9672869687;S
20240221;100339;159.740000000;50;9672869688;S
20240221;100339;159.720000000;110;9672869727;S
20240221;100339;159.710000000;1390;9672869728;S
20240221;100340;159.700000000;160;9672869773;S
20240221;100340;159.700000000;10;9672869774;S
20240221;100340;159.700000000;10;9672869775;S
20240221;100340;159.700000000;120;9672869776;S
20240221;100340;159.700000000;200;9672869777;S
20240221;100340;159.730000000;20;9672869848;B
20240221;100341;159.720000000;10;9672870255;B
20240221;100341;159.700000000;30;9672870264;S
20240221;100341;159.700000000;10;9672870265;S
20240221;100341;159.700000000;20;9672870266;S
20240221;100341;159.690000000;380;9672870267;S
20240221;100342;159.720000000;10;9672870510;B
20240221;100343;159.720000000;10;9672870748;B
20240221;100344;159.720000000;20;9672871105;B
20240221;100344;159.730000000;820;9672871106;B
20240221;100344;159.700000000;10;9672871190;S
20240221;100344;159.750000000;10;9672871286;B
20240221;100345;159.770000000;300;9672871307;B
20240221;100345;159.780000000;700;9672871308;B
20240221;100345;159.770000000;300;9672871309;B
20240221;100345;159.780000000;300;9672871580;B
20240221;100345;159.810000000;380;9672871585;B
20240221;100346;159.830000000;1000;9672871782;B
20240221;100346;159.830000000;1000;9672871783;B
20240221;100346;159.830000000;510;9672871784;B
20240221;100346;159.820000000;60;9672871986;B
20240221;100347;159.830000000;1530;9672872033;B
20240221;100347;159.840000000;100;9672872073;B
20240221;100347;159.840000000;30;9672872074;B
20240221;100347;159.840000000;1000;9672872075;B
20240221;100347;159.840000000;40;9672872076;B
20240221;100347;159.850000000;1580;9672872077;B
20240221;100347;159.800000000;10;9672872232;S
20240221;100347;159.780000000;10;9672872233;S
20240221;100348;159.760000000;60;9672872314;B
20240221;100349;159.830000000;500;9672872632;B
20240221;100349;159.840000000;1000;9672872633;B
20240221;100349;159.840000000;1040;9672872634;B
20240221;100349;159.840000000;10;9672872796;B
20240221;100351;159.840000000;820;9672873248;B
20240221;100352;159.840000000;150;9672873503;B
20240221;100352;159.840000000;100;9672873596;B
20240221;100352;159.790000000;300;9672873698;S
20240221;100352;159.780000000;820;9672873699;S
20240221;100352;159.760000000;750;9672873700;S
20240221;100353;159.800000000;500;9672873804;B
20240221;100353;159.840000000;750;9672873805;B
20240221;100354;159.800000000;300;9672874011;S
20240221;100354;159.770000000;300;9672874012;S
20240221;100354;159.760000000;1140;9672874013;S
20240221;100354;159.750000000;860;9672874014;S
20240221;100354;159.750000000;50;9672874015;S
20240221;100354;159.740000000;230;9672874016;S
20240221;100354;159.730000000;230;9672874017;S
20240221;100354;159.730000000;1000;9672874018;S
20240221;100354;159.730000000;1870;9672874019;S
20240221;100354;159.730000000;800;9672874020;S
20240221;100354;159.720000000;230;9672874021;S
20240221;100354;159.720000000;1000;9672874022;S
20240221;100354;159.720000000;8000;9672874023;S
20240221;100354;159.710000000;230;9672874024;S
20240221;100354;159.710000000;1000;9672874025;S
20240221;100354;159.700000000;220;9672874026;S
20240221;100354;159.700000000;1000;9672874027;S
20240221;100354;159.700000000;30;9672874028;S
20240221;100354;159.700000000;1510;9672874029;S
20240221;100356;159.760000000;300;9672875363;B
20240221;100356;159.760000000;430;9672875364;B
20240221;100356;159.750000000;300;9672875398;B
20240221;100356;159.760000000;70;9672875399;B
20240221;100356;159.760000000;10;9672875475;B
20240221;100356;159.770000000;10;9672875481;B
20240221;100357;159.720000000;20;9672875711;S
20240221;100358;159.760000000;50;9672876316;B
20240221;100358;159.760000000;120;9672876436;B
20240221;100359;159.760000000;120;9672876541;B
20240221;100359;159.720000000;570;9672876716;S
20240221;100359;159.710000000;4010;9672876717;S
20240221;100359;159.690000000;230;9672876718;S
20240221;100359;159.680000000;1000;9672876719;S
20240221;100359;159.680000000;230;9672876720;S
20240221;100359;159.680000000;300;9672876721;S
20240221;100359;159.670000000;120;9672876722;S
20240221;100359;159.670000000;1000;9672876723;S
20240221;100359;159.670000000;230;9672876724;S
20240221;100359;159.670000000;800;9672876725;S
20240221;100359;159.660000000;1000;9672876726;S
20240221;100359;159.660000000;230;9672876727;S
20240221;100359;159.650000000;10;9672876728;S
20240221;100359;159.650000000;270;9672876729;S
20240221;100401;159.740000000;30;9672877182;B
20240221;100401;159.680000000;750;9672877196;S
20240221;100401;159.670000000;2260;9672877197;S
20240221;100401;159.740000000;270;9672877305;B
20240221;100401;159.740000000;30;9672877306;B
20240221;100402;159.730000000;50;9672877666;B
20240221;100402;159.730000000;680;9672877667;B
20240221;100402;159.740000000;1890;9672877671;B
20240221;100402;159.750000000;50;9672877672;B
20240221;100402;159.750000000;1000;9672877673;B
20240221;100402;159.750000000;1000;9672877678;B
20240221;100402;159.760000000;1000;9672877679;B
20240221;100402;159.760000000;3780;9672877680;B
20240221;100402;159.760000000;60;9672877702;B
20240221;100402;159.760000000;1830;9672877728;B
20240221;100402;159.760000000;100;9672877818;S
20240221;100402;159.770000000;30;9672877831;B
20240221;100403;159.760000000;100;9672878319;S
20240221;100406;159.770000000;500;9672879230;B
20240221;100406;159.770000000;50;9672879239;B
20240221;100406;159.760000000;450;9672879251;S
20240221;100406;159.720000000;300;9672879252;S
20240221;100406;159.690000000;250;9672879253;S
20240221;100406;159.770000000;4770;9672879255;B
20240221;100406;159.770000000;4890;9672879256;B
20240221;100406;159.770000000;510;9672879370;B
20240221;100406;159.770000000;120;9672879505;B
20240221;100406;159.770000000;120;9672879542;B
20240221;100407;159.770000000;240;9672879949;B
20240221;100408;159.770000000;110;9672879989;B
20240221;100408;159.770000000;110;9672879993;B
20240221;100408;159.770000000;10;9672880474;B
20240221;100409;159.770000000;240;9672880816;B
20240221;100409;159.770000000;240;9672880838;B
20240221;100409;159.760000000;300;9672880903;S
20240221;100409;159.750000000;900;9672880904;S
20240221;100409;159.770000000;120;9672880908;B
20240221;100409;159.770000000;120;9672880929;B
20240221;100409;159.770000000;10;9672881123;B
20240221;100409;159.770000000;230;9672881285;B
20240221;100409;159.770000000;230;9672881311;B
20240221;100410;159.760000000;20;9672881614;S
20240221;100410;159.760000000;280;9672881643;S
20240221;100410;159.750000000;720;9672881644;S
20240221;100410;159.770000000;10;9672881748;B
20240221;100411;159.770000000;230;9672882042;B
20240221;100411;159.770000000;70;9672882093;B
20240221;100411;159.770000000;240;9672882133;B
20240221;100411;159.770000000;350;9672882159;B
20240221;100411;159.770000000;370;9672882439;B
20240221;100412;159.770000000;370;9672882495;B
20240221;100412;159.750000000;10;9672882559;S
20240221;100412;159.740000000;120;9672882560;S
20240221;100412;159.740000000;10;9672882565;S
20240221;100412;159.770000000;70;9672882656;B
20240221;100413;159.770000000;300;9672882870;B
20240221;100413;159.760000000;590;9672882923;B
20240221;100413;159.760000000;10;9672882981;B
20240221;100413;159.760000000;10;9672883007;B
20240221;100414;159.730000000;230;9672883339;S
20240221;100414;159.730000000;120;9672883340;S
20240221;100414;159.740000000;30;9672883341;B
20240221;100414;159.740000000;400;9672883342;B
20240221;100415;159.750000000;590;9672883441;B
20240221;100415;159.750000000;20;9672883516;B
20240221;100415;159.750000000;10;9672883530;B
20240221;100415;159.750000000;140;9672883650;B
20240221;100415;159.750000000;250;9672883656;B
20240221;100416;159.740000000;10;9672883762;S
20240221;100416;159.740000000;150;9672883771;B
20240221;100417;159.730000000;150;9672884010;S
20240221;100417;159.740000000;110;9672884098;B
20240221;100417;159.740000000;30;9672884141;B
20240221;100417;159.750000000;2570;9672884142;B
20240221;100418;159.750000000;110;9672884266;B
20240221;100418;159.750000000;110;9672884267;B
20240221;100418;159.750000000;1060;9672884301;B
20240221;100418;159.750000000;140;9672884303;B
20240221;100418;159.760000000;390;9672884304;B
20240221;100418;159.770000000;530;9672884305;B
20240221;100418;159.770000000;300;9672884424;B
20240221;100418;159.770000000;10;9672884484;B
20240221;100420;159.770000000;100;9672884873;B
20240221;100421;159.760000000;200;9672885566;S
20240221;100422;159.770000000;230;9672885747;B
20240221;100422;159.770000000;230;9672885748;B
20240221;100422;159.770000000;100;9672885785;B
20240221;100422;159.770000000;1180;9672886308;B
20240221;100422;159.770000000;1180;9672886335;B
20240221;100422;159.770000000;1050;9672886349;B
20240221;100422;159.770000000;1050;9672886374;B
20240221;100422;159.770000000;260;9672886392;B
20240221;100422;159.770000000;920;9672886393;B
20240221;100422;159.770000000;1180;9672886405;B
20240221;100423;159.770000000;230;9672886789;B
20240221;100423;159.770000000;230;9672886811;B
20240221;100423;159.770000000;240;9672886972;B
20240221;100423;159.770000000;240;9672886998;B
20240221;100423;159.760000000;130;9672887035;S
20240221;100423;159.770000000;6960;9672887041;B
20240221;100423;159.800000000;1000;9672887042;B
20240221;100423;159.810000000;1000;9672887043;B
20240221;100423;159.820000000;1000;9672887044;B
20240221;100423;159.830000000;40;9672887045;B
20240221;100423;159.770000000;10;9672887097;S
20240221;100427;159.820000000;4000;9672888228;S
20240221;100427;159.820000000;4000;9672888229;S
20240221;100427;159.820000000;300;9672888230;S
20240221;100427;159.770000000;80;9672888231;S
20240221;100427;159.760000000;1620;9672888232;S
20240221;100427;159.830000000;110;9672888322;B
20240221;100427;159.840000000;110;9672888358;B
20240221;100428;159.840000000;120;9672888482;B
20240221;100428;159.840000000;70;9672888496;B
20240221;100428;159.840000000;50;9672888497;B
20240221;100428;159.840000000;50;9672888610;B
20240221;100429;159.800000000;1000;9672888818;S
20240221;100429;159.840000000;10;9672888840;B
20240221;100429;159.840000000;20;9672888941;B
20240221;100429;159.840000000;10;9672888949;B
20240221;100430;159.840000000;10;9672889173;B
20240221;100431;159.770000000;100;9672889443;S
20240221;100433;159.840000000;10;9672890239;B
20240221;100434;159.840000000;10;9672890403;B
20240221;100434;159.820000000;20;9672890518;B
20240221;100434;159.820000000;100;9672890532;B
20240221;100434;159.770000000;10;9672890562;S
20240221;100434;159.800000000;10;9672890679;B
20240221;100437;159.820000000;140;9672891608;B
20240221;100437;159.830000000;500;9672891649;B
20240221;100437;159.830000000;110;9672891650;B
20240221;100437;159.830000000;10;9672891976;B
20240221;100438;159.800000000;10;9672892015;S
20240221;100438;159.830000000;10;9672892143;B
20240221;100438;159.840000000;10;9672892220;B
20240221;100438;159.840000000;120;9672892221;B
20240221;100438;159.850000000;420;9672892222;B
20240221;100438;159.850000000;40;9672892223;B
20240221;100438;159.850000000;490;9672892224;B
20240221;100439;159.840000000;10;9672892666;B
20240221;100441;159.840000000;20;9672892994;B
20240221;100441;159.850000000;510;9672892995;B
20240221;100441;159.850000000;60;9672892996;B
20240221;100443;159.840000000;110;9672893712;B
20240221;100443;159.840000000;110;9672893906;B
20240221;100443;159.840000000;20;9672894047;B
20240221;100444;159.840000000;10;9672894119;B
20240221;100445;159.790000000;10;9672894470;S
20240221;100445;159.830000000;10;9672894521;B
20240221;100445;159.820000000;300;9672894735;B
20240221;100445;159.830000000;1540;9672894736;B
20240221;100445;159.830000000;160;9672894737;B
20240221;100446;159.840000000;10;9672895051;B
20240221;100447;159.840000000;290;9672895222;B
20240221;100447;159.840000000;890;9672895223;B
20240221;100447;159.840000000;230;9672895311;B
20240221;100447;159.840000000;70;9672895415;B
20240221;100447;159.850000000;170;9672895416;B
20240221;100448;159.840000000;10;9672895503;B
20240221;100449;159.840000000;110;9672895810;B
20240221;100450;159.840000000;30;9672896075;B
20240221;100450;159.790000000;1700;9672896104;S
20240221;100450;159.770000000;10;9672896105;S
20240221;100450;159.770000000;20;9672896106;S
20240221;100450;159.770000000;300;9672896107;S
20240221;100450;159.770000000;10;9672896108;S
20240221;100450;159.760000000;300;9672896109;S
20240221;100450;159.760000000;2590;9672896111;B
20240221;100450;159.750000000;40;9672896160;S
20240221;100450;159.750000000;300;9672896161;S
20240221;100453;159.730000000;50;9672897337;S
20240221;100454;159.760000000;70;9672897587;B
20240221;100454;159.770000000;40;9672897588;B
20240221;100454;159.770000000;10;9672897589;B
20240221;100454;159.780000000;20;9672897613;B
20240221;100456;159.760000000;30;9672898086;B
20240221;100456;159.760000000;10;9672898183;B
20240221;100457;159.750000000;240;9672898280;B
20240221;100457;159.730000000;50;9672898314;S
20240221;100457;159.720000000;30;9672898315;S
20240221;100457;159.720000000;10;9672898316;S
20240221;100457;159.710000000;200;9672898317;S
20240221;100457;159.710000000;240;9672898318;S
20240221;100457;159.700000000;500;9672898319;S
20240221;100457;159.700000000;10;9672898320;S
20240221;100457;159.700000000;360;9672898321;S
20240221;100457;159.770000000;300;9672898466;B
20240221;100457;159.770000000;400;9672898467;S
20240221;100457;159.770000000;830;9672898468;S
20240221;100457;159.770000000;1280;9672898469;S
20240221;100458;159.740000000;80;9672898894;S
20240221;100459;159.770000000;300;9672899161;B
20240221;100459;159.770000000;300;9672899162;B
20240221;100459;159.770000000;40;9672899342;B
20240221;100500;159.760000000;120;9672899723;B
20240221;100500;159.750000000;350;9672899735;B
20240221;100500;159.740000000;400;9672899773;B
20240221;100501;159.700000000;30;9672900126;S
20240221;100501;159.700000000;10;9672900127;S
20240221;100501;159.690000000;40;9672900128;S
20240221;100501;159.670000000;750;9672900129;S
20240221;100501;159.660000000;1000;9672900130;S
20240221;100501;159.660000000;1060;9672900131;S
20240221;100501;159.650000000;1000;9672900132;S
20240221;100501;159.650000000;800;9672900133;S
20240221;100501;159.640000000;1000;9672900134;S
20240221;100501;159.640000000;230;9672900135;S
20240221;100501;159.630000000;1000;9672900136;S
20240221;100501;159.630000000;200;9672900137;S
20240221;100501;159.630000000;230;9672900138;S
20240221;100501;159.630000000;300;9672900139;S
20240221;100501;159.620000000;1000;9672900140;S
20240221;100501;159.620000000;230;9672900141;S
20240221;100501;159.620000000;820;9672900142;S
20240221;100501;159.610000000;100;9672900143;S
20240221;100501;159.610000000;1000;9672900144;S
20240221;100501;159.610000000;230;9672900145;S
20240221;100501;159.610000000;20;9672900146;S
20240221;100501;159.610000000;3780;9672900147;S
20240221;100501;159.600000000;7140;9672900148;S
20240221;100501;159.600000000;400;9672900149;S
20240221;100501;159.600000000;250;9672900150;S
20240221;100501;159.600000000;10;9672900151;S
20240221;100501;159.600000000;30;9672900152;S
20240221;100501;159.600000000;10;9672900153;S
20240221;100501;159.600000000;10;9672900154;S
20240221;100501;159.600000000;20;9672900155;S
20240221;100501;159.600000000;1000;9672900156;S
20240221;100501;159.600000000;230;9672900157;S
20240221;100501;159.600000000;6070;9672900158;S
20240221;100501;159.600000000;240;9672900375;S
20240221;100502;159.650000000;10;9672900670;B
20240221;100503;159.600000000;50;9672901082;S
20240221;100503;159.600000000;50;9672901083;S
20240221;100503;159.600000000;10;9672901084;S
20240221;100503;159.590000000;300;9672901085;S
20240221;100503;159.580000000;50;9672901086;S
20240221;100503;159.580000000;1000;9672901087;S
20240221;100503;159.580000000;230;9672901088;S
20240221;100503;159.570000000;4500;9672901089;S
20240221;100503;159.570000000;50;9672901090;S
20240221;100503;159.570000000;50;9672901091;S
20240221;100503;159.570000000;1000;9672901092;S
20240221;100503;159.570000000;230;9672901093;S
20240221;100503;159.560000000;2100;9672901094;S
20240221;100503;159.560000000;30;9672901095;S
20240221;100503;159.560000000;10;9672901096;S
20240221;100503;159.560000000;230;9672901097;S
20240221;100503;159.560000000;1000;9672901098;S
20240221;100503;159.550000000;50;9672901099;S
20240221;100503;159.550000000;10;9672901100;S
20240221;100503;159.550000000;10;9672901101;S
20240221;100503;159.550000000;10;9672901102;S
20240221;100503;159.550000000;50;9672901103;S
20240221;100503;159.550000000;10;9672901104;S
20240221;100503;159.550000000;50;9672901105;S
20240221;100503;159.550000000;50;9672901106;S
20240221;100503;159.550000000;40;9672901107;S
20240221;100503;159.550000000;230;9672901108;S
20240221;100503;159.550000000;1000;9672901109;S
20240221;100503;159.550000000;800;9672901110;S
20240221;100503;159.540000000;50;9672901111;S
20240221;100503;159.540000000;10;9672901112;S
20240221;100503;159.540000000;1000;9672901113;S
20240221;100503;159.540000000;230;9672901114;S
20240221;100503;159.540000000;300;9672901115;S
20240221;100503;159.530000000;5000;9672901116;S
20240221;100503;159.530000000;10;9672901117;S
20240221;100503;159.530000000;60;9672901118;S
20240221;100503;159.530000000;10;9672901119;S
20240221;100503;159.530000000;10;9672901120;S
20240221;100503;159.530000000;1000;9672901121;S
20240221;100503;159.530000000;230;9672901122;S
20240221;100503;159.520000000;10;9672901123;S
20240221;100503;159.520000000;50;9672901124;S
20240221;100503;159.520000000;10;9672901125;S
20240221;100503;159.520000000;10;9672901126;S
20240221;100503;159.520000000;10;9672901127;S
20240221;100503;159.520000000;10;9672901128;S
20240221;100503;159.520000000;50;9672901129;S
20240221;100503;159.520000000;10;9672901130;S
20240221;100503;159.520000000;10;9672901131;S
20240221;100503;159.520000000;100;9672901132;S
20240221;100503;159.520000000;1000;9672901133;S
20240221;100503;159.520000000;90;9672901134;S
20240221;100503;159.520000000;100;9672901277;S
20240221;100504;159.600000000;90;9672901571;B
20240221;100505;159.600000000;60;9672901745;B
20240221;100506;159.540000000;20;9672901975;S
20240221;100506;159.540000000;230;9672901976;S
20240221;100506;159.530000000;100;9672901977;S
20240221;100506;159.540000000;230;9672902080;S
20240221;100506;159.530000000;130;9672902081;S
20240221;100506;159.530000000;140;9672902082;S
20240221;100507;159.600000000;30;9672902552;B
20240221;100507;159.600000000;120;9672902566;B
20240221;100507;159.610000000;1340;9672902567;B
20240221;100507;159.620000000;40;9672902568;B
20240221;100507;159.610000000;10;9672902574;B
20240221;100507;159.540000000;230;9672902577;S
20240221;100507;159.540000000;300;9672902578;S
20240221;100507;159.530000000;170;9672902579;S
20240221;100509;159.630000000;50;9672903116;B
20240221;100509;159.630000000;250;9672903413;B
20240221;100509;159.640000000;440;9672903414;B
20240221;100510;159.610000000;20;9672903581;S
20240221;100510;159.600000000;20;9672903582;S
20240221;100510;159.550000000;210;9672903583;S
20240221;100513;159.560000000;20;9672904823;B
20240221;100513;159.560000000;10;9672904867;B
20240221;100513;159.550000000;290;9672904935;S
20240221;100513;159.520000000;100;9672904936;S
20240221;100513;159.520000000;20;9672904937;S
20240221;100513;159.510000000;100;9672904938;S
20240221;100513;159.510000000;10;9672904939;S
20240221;100513;159.510000000;30;9672904940;S
20240221;100513;159.510000000;80;9672904941;S
20240221;100513;159.510000000;10;9672904942;S
20240221;100513;159.510000000;10;9672904943;S
20240221;100513;159.510000000;250;9672904944;S
20240221;100515;159.550000000;1040;9672905582;B
20240221;100515;159.550000000;130;9672905583;B
20240221;100515;159.550000000;50;9672905644;B
20240221;100515;159.550000000;550;9672905703;B
20240221;100515;159.540000000;10;9672905867;S
20240221;100515;159.540000000;300;9672905868;S
20240221;100515;159.520000000;1890;9672905869;S
20240221;100515;159.520000000;1170;9672905870;B
20240221;100515;159.520000000;240;9672905926;B
20240221;100515;159.520000000;10;9672905928;B
20240221;100515;159.520000000;240;9672905953;B
20240221;100516;159.520000000;230;9672906029;B
20240221;100516;159.520000000;230;9672906041;B
20240221;100516;159.520000000;70;9672906110;B
20240221;100516;159.520000000;610;9672906163;B
20240221;100516;159.520000000;370;9672906164;B
20240221;100517;159.540000000;10;9672906440;B
20240221;100517;159.540000000;60;9672906623;B
20240221;100517;159.530000000;300;9672906634;S
20240221;100517;159.530000000;1890;9672906635;S
20240221;100517;159.520000000;4020;9672906636;S
20240221;100517;159.510000000;3790;9672906637;S
20240221;100519;159.530000000;2100;9672907147;S
20240221;100519;159.530000000;500;9672907198;S
20240221;100520;159.530000000;160;9672907544;S
20240221;100521;159.540000000;10;9672907605;B
20240221;100521;159.540000000;10;9672907902;B
20240221;100522;159.540000000;100;9672907907;B
20240221;100522;159.530000000;40;9672908024;S
20240221;100522;159.540000000;100;9672908138;B
20240221;100523;159.540000000;100;9672908423;B
20240221;100523;159.540000000;1000;9672908442;B
20240221;100524;159.540000000;30;9672908627;B
20240221;100525;159.540000000;10;9672909093;B
20240221;100527;159.540000000;120;9672909793;B
20240221;100527;159.540000000;120;9672909804;B
20240221;100527;159.530000000;300;9672909904;S
20240221;100528;159.520000000;10;9672909948;S
20240221;100528;159.520000000;30;9672909949;S
20240221;100528;159.530000000;50;9672910094;B
20240221;100528;159.530000000;40;9672910253;B
20240221;100528;159.530000000;40;9672910275;B
20240221;100528;159.530000000;20;9672910289;B
20240221;100528;159.530000000;20;9672910301;B
20240221;100528;159.530000000;10;9672910330;B
20240221;100528;159.530000000;70;9672910387;B
20240221;100528;159.530000000;1110;9672910418;B
20240221;100528;159.530000000;1040;9672910423;B
20240221;100529;159.530000000;240;9672910902;B
20240221;100529;159.530000000;240;9672910930;B
20240221;100530;159.530000000;10;9672910971;B
20240221;100530;159.530000000;110;9672910991;B
20240221;100530;159.530000000;110;9672911020;B
20240221;100530;159.520000000;1860;9672911021;S
20240221;100530;159.520000000;300;9672911022;S
20240221;100530;159.510000000;7840;9672911023;S
20240221;100530;159.530000000;240;9672911032;B
20240221;100530;159.530000000;240;9672911073;B
20240221;100530;159.520000000;330;9672911164;S
20240221;100531;159.530000000;1100;9672911453;B
20240221;100531;159.530000000;10;9672911475;B
20240221;100531;159.530000000;1090;9672911491;S
20240221;100531;159.530000000;300;9672911492;S
20240221;100531;159.530000000;110;9672911493;S
20240221;100531;159.540000000;1110;9672911497;B
20240221;100531;159.540000000;470;9672911543;B
20240221;100531;159.540000000;1290;9672911549;B
20240221;100531;159.540000000;100;9672911550;B
20240221;100531;159.590000000;820;9672911585;B
20240221;100531;159.620000000;1000;9672911746;B
20240221;100531;159.620000000;10;9672911747;B
20240221;100534;159.580000000;490;9672912629;S
20240221;100535;159.580000000;2000;9672912944;S
20240221;100536;159.590000000;800;9672913099;B
20240221;100536;159.590000000;1000;9672913100;B
20240221;100536;159.600000000;200;9672913101;B
20240221;100536;159.590000000;10;9672913161;B
20240221;100536;159.590000000;20;9672913367;B
20240221;100536;159.590000000;970;9672913445;B
20240221;100536;159.590000000;440;9672913446;B
20240221;100538;159.580000000;20;9672913906;S
20240221;100538;159.560000000;20;9672913907;S
20240221;100538;159.560000000;1000;9672913908;S
20240221;100538;159.550000000;960;9672913909;S
20240221;100538;159.590000000;360;9672913912;B
20240221;100538;159.590000000;1000;9672913913;B
20240221;100539;159.590000000;20;9672914037;B
20240221;100539;159.590000000;440;9672914101;B
20240221;100539;159.590000000;60;9672914166;B
20240221;100540;159.590000000;10;9672914320;B
20240221;100540;159.580000000;70;9672914325;S
20240221;100540;159.590000000;50;9672914467;B
20240221;100541;159.580000000;30;9672914703;B
20240221;100543;159.580000000;10;9672915444;B
20240221;100544;159.570000000;50;9672915706;S
20240221;100545;159.580000000;230;9672915756;B
20240221;100545;159.580000000;940;9672915793;B
20240221;100545;159.580000000;120;9672915840;B
20240221;100545;159.580000000;120;9672915847;B
20240221;100545;159.570000000;1000;9672916070;S
20240221;100545;159.570000000;230;9672916071;S
20240221;100545;159.560000000;300;9672916072;S
20240221;100545;159.550000000;1000;9672916073;S
20240221;100545;159.550000000;1890;9672916074;S
20240221;100545;159.540000000;1500;9672916075;S
20240221;100545;159.540000000;1000;9672916076;S
20240221;100545;159.540000000;2190;9672916077;S
20240221;100545;159.530000000;10;9672916078;S
20240221;100545;159.530000000;100;9672916079;S
20240221;100545;159.520000000;230;9672916080;S
20240221;100545;159.520000000;1000;9672916081;S
20240221;100545;159.520000000;500;9672916082;S
20240221;100545;159.520000000;20;9672916083;S
20240221;100545;159.520000000;10;9672916084;S
20240221;100545;159.520000000;600;9672916085;S
20240221;100545;159.520000000;2000;9672916086;S
20240221;100545;159.510000000;21420;9672916087;S
20240221;100545;159.570000000;800;9672916099;B
20240221;100546;159.570000000;10;9672916306;B
20240221;100546;159.570000000;20;9672916357;B
20240221;100546;159.570000000;230;9672916377;B
20240221;100546;159.570000000;370;9672916418;B
20240221;100546;159.580000000;980;9672916486;B
20240221;100546;159.580000000;940;9672916598;B
20240221;100546;159.580000000;940;9672916629;B
20240221;100546;159.580000000;660;9672916643;B
20240221;100546;159.580000000;510;9672916644;B
20240221;100546;159.590000000;1170;9672916680;B
20240221;100547;159.590000000;60;9672916846;B
20240221;100547;159.590000000;50;9672916924;B
20240221;100548;159.590000000;50;9672917479;B
20240221;100548;159.590000000;90;9672917543;B
20240221;100548;159.600000000;400;9672917544;B
20240221;100548;159.610000000;1280;9672917545;B
20240221;100548;159.610000000;300;9672917611;B
20240221;100548;159.610000000;640;9672917612;B
20240221;100548;159.620000000;200;9672917637;B
20240221;100548;159.620000000;200;9672917638;B
20240221;100548;159.620000000;150;9672917639;B
20240221;100548;159.620000000;1000;9672917640;B
20240221;100548;159.620000000;1160;9672917641;B
20240221;100548;159.630000000;580;9672917832;B
20240221;100548;159.630000000;420;9672917842;B
20240221;100548;159.630000000;160;9672917843;B
20240221;100549;159.630000000;10;9672918211;B
20240221;100549;159.630000000;10;9672918212;B
20240221;100549;159.630000000;60;9672918303;B
20240221;100549;159.630000000;60;9672918307;B
20240221;100551;159.620000000;10;9672918704;B
20240221;100551;159.580000000;100;9672918808;S
20240221;100552;159.610000000;1130;9672919110;B
20240221;100552;159.620000000;130;9672919111;B
20240221;100554;159.590000000;300;9672919774;S
20240221;100554;159.590000000;210;9672919915;S
20240221;100556;159.600000000;10;9672920447;B
20240221;100556;159.610000000;140;9672920448;B
20240221;100556;159.590000000;1490;9672920576;S
20240221;100556;159.570000000;300;9672920577;S
20240221;100556;159.550000000;150;9672920578;S
20240221;100556;159.540000000;1890;9672920579;S
20240221;100556;159.530000000;800;9672920580;S
20240221;100556;159.530000000;10;9672920581;S
20240221;100556;159.520000000;230;9672920582;S
20240221;100556;159.520000000;1000;9672920583;S
20240221;100556;159.520000000;10;9672920584;S
20240221;100556;159.520000000;250;9672920585;S
20240221;100556;159.510000000;13870;9672920586;S
20240221;100556;159.590000000;10;9672920658;B
20240221;100556;159.600000000;740;9672920659;B
20240221;100556;159.600000000;100;9672920785;B
20240221;100557;159.600000000;50;9672920999;B
20240221;100558;159.560000000;700;9672921134;S
20240221;100558;159.590000000;10;9672921194;B
20240221;100559;159.590000000;120;9672921237;B
20240221;100559;159.590000000;20;9672921438;B
20240221;100600;159.590000000;20;9672921649;B
20240221;100600;159.580000000;10;9672921834;B
20240221;100601;159.570000000;10;9672921990;S
20240221;100601;159.550000000;90;9672921991;S
20240221;100601;159.570000000;800;9672922164;B
20240221;100601;159.570000000;250;9672922165;B
20240221;100601;159.580000000;110;9672922232;B
20240221;100601;159.580000000;10;9672922233;B
20240221;100601;159.590000000;350;9672922323;B
20240221;100601;159.610000000;2190;9672922362;B
20240221;100601;159.610000000;130;9672922363;B
20240221;100601;159.620000000;80;9672922387;B
20240221;100601;159.620000000;300;9672922564;S
20240221;100601;159.600000000;200;9672922565;S
20240221;100601;159.630000000;730;9672922593;B
20240221;100601;159.590000000;110;9672922752;S
20240221;100602;159.590000000;140;9672922780;S
20240221;100602;159.630000000;240;9672922804;B
20240221;100602;159.630000000;30;9672922865;B
20240221;100602;159.630000000;90;9672922866;B
20240221;100602;159.590000000;10;9672922950;S
20240221;100602;159.630000000;110;9672922993;B
20240221;100602;159.630000000;100;9672923170;B
20240221;100602;159.630000000;20;9672923171;B
20240221;100602;159.630000000;980;9672923200;B
20240221;100602;159.640000000;130;9672923201;B
20240221;100602;159.640000000;300;9672923216;B
20240221;100602;159.640000000;570;9672923267;B
20240221;100602;159.640000000;60;9672923268;B
20240221;100602;159.640000000;110;9672923269;B
20240221;100602;159.640000000;70;9672923303;B
20240221;100602;159.650000000;370;9672923340;B
20240221;100602;159.650000000;630;9672923365;B
20240221;100602;159.650000000;60;9672923366;B
20240221;100602;159.660000000;50;9672923367;B
20240221;100602;159.650000000;300;9672923386;S
20240221;100602;159.650000000;5030;9672923393;B
20240221;100602;159.650000000;240;9672923621;B
20240221;100603;159.630000000;10;9672923805;S
20240221;100603;159.650000000;240;9672923987;B
20240221;100603;159.650000000;210;9672924010;B
20240221;100603;159.670000000;20;9672924011;B
20240221;100603;159.670000000;240;9672924073;B
20240221;100603;159.670000000;470;9672924099;B
20240221;100604;159.680000000;230;9672924255;B
20240221;100604;159.680000000;230;9672924380;B
20240221;100604;159.670000000;10;9672924384;S
20240221;100604;159.680000000;540;9672924554;B
20240221;100604;159.690000000;20;9672924555;B
20240221;100604;159.690000000;200;9672924612;B
20240221;100607;159.680000000;10;9672925637;B
20240221;100607;159.690000000;10;9672925902;B
20240221;100607;159.690000000;120;9672925913;B
20240221;100607;159.690000000;230;9672925942;B
20240221;100608;159.690000000;300;9672925987;B
20240221;100608;159.650000000;30;9672925998;S
20240221;100608;159.690000000;120;9672926070;B
20240221;100608;159.690000000;700;9672926094;B
20240221;100608;159.690000000;300;9672926096;B
20240221;100608;159.690000000;300;9672926097;B
20240221;100608;159.690000000;700;9672926102;B
20240221;100608;159.700000000;430;9672926103;B
20240221;100608;159.700000000;120;9672926149;B
20240221;100608;159.700000000;350;9672926175;B
20240221;100609;159.700000000;100;9672926432;B
20240221;100609;159.700000000;20;9672926433;B
20240221;100609;159.700000000;20;9672926464;B
20240221;100609;159.700000000;200;9672926465;B
20240221;100609;159.700000000;370;9672926466;B
20240221;100609;159.710000000;1000;9672926503;B
20240221;100609;159.720000000;180;9672926504;B
20240221;100609;159.750000000;110;9672926718;B
20240221;100609;159.750000000;110;9672926735;B
20240221;100609;159.750000000;360;9672926746;B
20240221;100609;159.750000000;360;9672926765;B
20240221;100609;159.750000000;60;9672926791;B
20240221;100609;159.750000000;10;9672926792;B
20240221;100609;159.760000000;70;9672926804;B
20240221;100609;159.760000000;10;9672926823;B
20240221;100609;159.760000000;20;9672926824;B
20240221;100609;159.760000000;30;9672926845;B
20240221;100609;159.760000000;230;9672926857;B
20240221;100609;159.760000000;230;9672926877;B
20240221;100609;159.760000000;80;9672926905;B
20240221;100609;159.760000000;80;9672926915;B
20240221;100610;159.760000000;240;9672927053;B
20240221;100610;159.760000000;90;9672927116;B
20240221;100610;159.760000000;140;9672927117;B
20240221;100610;159.760000000;240;9672927118;B
20240221;100610;159.760000000;230;9672927160;B
20240221;100610;159.760000000;1170;9672927229;B
20240221;100610;159.760000000;1000;9672927259;B
20240221;100610;159.770000000;1130;9672927260;B
20240221;100610;159.770000000;960;9672927266;B
20240221;100610;159.760000000;10;9672927373;B
20240221;100610;159.760000000;120;9672927401;B
20240221;100610;159.760000000;120;9672927421;B
20240221;100610;159.760000000;750;9672927640;B
20240221;100610;159.760000000;1000;9672927649;B
20240221;100610;159.770000000;60;9672927650;B
20240221;100611;159.770000000;120;9672927941;B
20240221;100611;159.770000000;110;9672928008;B
20240221;100611;159.770000000;1030;9672928074;B
20240221;100612;159.770000000;80;9672928317;B
20240221;100612;159.770000000;120;9672928511;B
20240221;100612;159.770000000;10;9672928606;B
20240221;100613;159.760000000;100;9672928624;S
20240221;100613;159.770000000;120;9672928858;B
20240221;100613;159.770000000;120;9672928886;B
20240221;100614;159.770000000;580;9672929263;B
20240221;100614;159.760000000;20;9672929304;S
20240221;100614;159.770000000;50;9672929306;B
20240221;100614;159.760000000;190;9672929353;S
20240221;100614;159.750000000;300;9672929354;S
20240221;100614;159.750000000;1000;9672929355;S
20240221;100614;159.750000000;800;9672929356;S
20240221;100614;159.750000000;300;9672929357;S
20240221;100614;159.740000000;800;9672929358;S
20240221;100614;159.730000000;1000;9672929359;S
20240221;100614;159.680000000;610;9672929360;S
20240221;100614;159.750000000;1000;9672929361;B
20240221;100614;159.750000000;1160;9672929362;B
20240221;100614;159.750000000;120;9672929363;B
20240221;100614;159.740000000;260;9672929432;S
20240221;100614;159.770000000;240;9672929480;B
20240221;100614;159.760000000;240;9672929511;S
20240221;100614;159.750000000;220;9672929512;S
20240221;100614;159.760000000;100;9672929528;S
20240221;100614;159.770000000;20;9672929582;B
20240221;100614;159.770000000;10;9672929600;B
20240221;100614;159.770000000;60;9672929633;B
20240221;100614;159.770000000;60;9672929646;B
20240221;100614;159.770000000;10;9672929722;B
20240221;100614;159.770000000;110;9672929774;B
20240221;100614;159.770000000;110;9672929796;B
20240221;100615;159.770000000;120;9672929864;B
20240221;100615;159.770000000;120;9672929882;B
20240221;100615;159.770000000;10;9672929990;B
20240221;100615;159.760000000;100;9672929996;S
20240221;100615;159.770000000;60;9672930140;B
20240221;100615;159.770000000;60;9672930153;B
20240221;100615;159.770000000;10;9672930169;B
20240221;100616;159.760000000;50;9672930310;S
20240221;100617;159.770000000;470;9672930500;B
20240221;100617;159.770000000;470;9672930519;B
20240221;100618;159.750000000;20;9672930881;B
20240221;100618;159.750000000;10;9672930905;B
20240221;100619;159.750000000;20;9672931225;B
20240221;100619;159.750000000;10;9672931249;B
20240221;100619;159.750000000;940;9672931268;B
20240221;100619;159.750000000;1000;9672931269;B
20240221;100619;159.760000000;1200;9672931270;B
20240221;100619;159.760000000;300;9672931271;B
20240221;100619;159.770000000;6560;9672931272;B
20240221;100619;159.750000000;80;9672931312;S
20240221;100619;159.740000000;300;9672931488;S
20240221;100620;159.750000000;30;9672931661;S
20240221;100620;159.760000000;10;9672931740;B
20240221;100621;159.760000000;150;9672931825;B
20240221;100621;159.760000000;150;9672931826;B
20240221;100621;159.750000000;800;9672932004;S
20240221;100621;159.740000000;4010;9672932005;S
20240221;100621;159.740000000;4010;9672932006;S
20240221;100621;159.700000000;300;9672932007;S
20240221;100621;159.680000000;150;9672932008;S
20240221;100621;159.670000000;800;9672932009;S
20240221;100621;159.660000000;1000;9672932010;S
20240221;100621;159.660000000;1720;9672932011;S
20240221;100621;159.660000000;2190;9672932012;S
20240221;100621;159.650000000;1000;9672932013;S
20240221;100621;159.650000000;500;9672932014;S
20240221;100621;159.640000000;1000;9672932015;S
20240221;100621;159.640000000;2520;9672932016;S
20240221;100621;159.710000000;10;9672932053;B
20240221;100621;159.710000000;10;9672932066;B
20240221;100621;159.710000000;280;9672932138;B
20240221;100621;159.710000000;900;9672932139;B
20240221;100622;159.710000000;100;9672932197;B
20240221;100622;159.720000000;10;9672932198;B
20240221;100622;159.740000000;710;9672932230;B
20240221;100622;159.720000000;30;9672932268;S
20240221;100622;159.730000000;1000;9672932270;B
20240221;100622;159.740000000;90;9672932319;B
20240221;100622;159.710000000;10;9672932372;S
20240221;100622;159.740000000;70;9672932482;B
20240221;100623;159.740000000;110;9672932539;B
20240221;100623;159.740000000;10;9672932575;B
20240221;100623;159.740000000;10;9672932582;B
20240221;100623;159.740000000;1180;9672932693;B
20240221;100624;159.740000000;10;9672932799;B
20240221;100624;159.730000000;10;9672932881;B
20240221;100624;159.730000000;100;9672933037;B
20240221;100624;159.740000000;20;9672933038;B
20240221;100624;159.740000000;120;9672933045;B
20240221;100625;159.730000000;10;9672933110;S
20240221;100625;159.740000000;300;9672933125;B
20240221;100625;159.740000000;300;9672933135;B
20240221;100625;159.740000000;590;9672933154;B
20240221;100625;159.750000000;220;9672933155;B
20240221;100625;159.750000000;780;9672933275;B
20240221;100625;159.750000000;330;9672933276;B
20240221;100625;159.760000000;120;9672933306;B
20240221;100625;159.760000000;880;9672933348;B
20240221;100625;159.760000000;500;9672933349;B
20240221;100625;159.760000000;40;9672933350;B
20240221;100625;159.760000000;620;9672933352;B
20240221;100625;159.760000000;10;9672933474;B
20240221;100626;159.750000000;640;9672933490;S
20240221;100626;159.750000000;10;9672933504;S
20240221;100626;159.760000000;60;9672933610;B
20240221;100626;159.750000000;100;9672933622;S
20240221;100626;159.750000000;2000;9672933748;S
20240221;100626;159.760000000;10;9672933767;B
20240221;100627;159.760000000;10;9672933866;B
20240221;100627;159.760000000;100;9672934013;B
20240221;100628;159.740000000;90;9672934073;S
20240221;100629;159.770000000;1110;9672934543;B
20240221;100629;159.760000000;10;9672934579;S
20240221;100629;159.770000000;70;9672934602;B
20240221;100629;159.770000000;1040;9672934633;B
20240221;100630;159.760000000;300;9672934754;S
20240221;100630;159.760000000;10;9672934762;S
20240221;100630;159.770000000;2220;9672934777;B
20240221;100630;159.770000000;4050;9672934833;B
20240221;100630;159.760000000;10;9672934840;S
20240221;100631;159.770000000;1000;9672935182;B
20240221;100631;159.760000000;10;9672935189;S
20240221;100632;159.760000000;80;9672935246;S
20240221;100633;159.760000000;10;9672935638;S
20240221;100633;159.760000000;30;9672935793;S
20240221;100634;159.770000000;580;9672935894;B
20240221;100634;159.770000000;580;9672935898;B
20240221;100634;159.770000000;20;9672935928;B
20240221;100634;159.770000000;20;9672935933;B
20240221;100634;159.760000000;2000;9672935997;S
20240221;100634;159.770000000;1170;9672936016;B
20240221;100634;159.770000000;1170;9672936029;B
20240221;100634;159.770000000;3290;9672936054;B
20240221;100634;159.770000000;3290;9672936076;B
20240221;100635;159.770000000;10;9672936369;B
20240221;100635;159.760000000;10;9672936426;S
20240221;100635;159.770000000;10;9672936459;B
20240221;100635;159.770000000;60;9672936541;B
20240221;100636;159.770000000;10;9672936687;B
20240221;100636;159.770000000;10;9672936758;B
20240221;100637;159.770000000;730;9672936903;B
20240221;100637;159.770000000;10;9672936966;B
20240221;100637;159.770000000;10;9672937000;B
20240221;100637;159.770000000;10;9672937007;B
20240221;100637;159.760000000;1870;9672937029;S
20240221;100637;159.760000000;1460;9672937030;S
20240221;100637;159.770000000;40;9672937034;B
20240221;100637;159.770000000;40;9672937040;B
20240221;100637;159.770000000;120;9672937062;B
20240221;100637;159.770000000;120;9672937069;B
20240221;100637;159.770000000;60;9672937098;B
20240221;100637;159.770000000;60;9672937119;B
20240221;100637;159.760000000;100;9672937205;S
20240221;100638;159.760000000;700;9672937377;S
20240221;100638;159.760000000;20;9672937399;S
20240221;100639;159.760000000;20;9672937477;S
20240221;100639;159.770000000;1170;9672937482;B
20240221;100639;159.770000000;1170;9672937522;B
20240221;100639;159.770000000;880;9672937571;B
20240221;100639;159.770000000;10;9672937699;B
20240221;100641;159.760000000;80;9672938136;S
20240221;100641;159.770000000;70;9672938268;B
20240221;100641;159.770000000;70;9672938270;B
20240221;100641;159.770000000;10;9672938409;B
20240221;100642;159.770000000;1180;9672938533;B
20240221;100642;159.770000000;1180;9672938543;B
20240221;100642;159.760000000;30;9672938695;S
20240221;100642;159.760000000;20;9672938754;S
20240221;100642;159.770000000;360;9672938756;B
20240221;100642;159.770000000;400;9672938757;B
20240221;100642;159.770000000;10;9672938758;B
20240221;100642;159.770000000;100;9672938759;B
20240221;100642;159.770000000;100;9672938760;B
20240221;100642;159.770000000;70;9672938761;B
20240221;100642;159.770000000;30;9672938785;B
20240221;100642;159.770000000;20;9672938786;B
20240221;100642;159.770000000;100;9672938787;B
20240221;100642;159.770000000;110;9672938788;B
20240221;100642;159.770000000;100;9672938789;B
20240221;100642;159.790000000;10;9672938827;B
20240221;100642;159.790000000;100;9672938849;B
20240221;100643;159.790000000;300;9672939073;B
20240221;100643;159.800000000;10;9672939074;B
20240221;100643;159.800000000;200;9672939075;B
20240221;100643;159.800000000;80;9672939076;B
20240221;100643;159.800000000;20;9672939128;B
20240221;100643;159.800000000;150;9672939129;B
20240221;100644;159.800000000;350;9672939259;B
20240221;100644;159.800000000;150;9672939260;B
20240221;100644;159.800000000;1270;9672939360;B
20240221;100644;159.800000000;10;9672939384;B
20240221;100644;159.800000000;570;9672939424;B
20240221;100644;159.810000000;10;9672939588;S
20240221;100645;159.820000000;30;9672940142;B
20240221;100645;159.810000000;10;9672940273;S
20240221;100645;159.810000000;210;9672940337;S
20240221;100645;159.810000000;900;9672940338;S
20240221;100645;159.810000000;100;9672940447;S
20240221;100645;159.810000000;410;9672940448;S
20240221;100645;159.810000000;390;9672940485;S
20240221;100645;159.810000000;50;9672940486;S
20240221;100646;159.800000000;470;9672940739;B
20240221;100646;159.800000000;350;9672940968;B
20240221;100646;159.820000000;700;9672941008;B
20240221;100647;159.790000000;1000;9672941316;S
20240221;100647;159.790000000;800;9672941317;S
20240221;100647;159.770000000;300;9672941318;S
20240221;100647;159.760000000;50;9672941319;S
20240221;100647;159.760000000;500;9672941320;S
20240221;100647;159.760000000;10;9672941321;S
20240221;100647;159.750000000;340;9672941322;S
20240221;100647;159.750000000;20;9672941493;S
20240221;100648;159.770000000;60;9672941522;S
20240221;100648;159.790000000;240;9672941662;B
20240221;100648;159.790000000;110;9672941696;B
20240221;100649;159.800000000;590;9672942016;B
20240221;100649;159.800000000;10;9672942039;B
20240221;100649;159.790000000;100;9672942102;S
20240221;100649;159.790000000;100;9672942228;S
20240221;100649;159.810000000;1460;9672942270;B
20240221;100650;159.810000000;800;9672942317;S
20240221;100650;159.810000000;540;9672942318;S
20240221;100650;159.770000000;10;9672942319;S
20240221;100650;159.800000000;140;9672942338;B
20240221;100650;159.750000000;10;9672942339;S
20240221;100650;159.740000000;20;9672942340;S
20240221;100650;159.740000000;40;9672942432;S
20240221;100650;159.740000000;40;9672942433;S
20240221;100650;159.740000000;10;9672942434;S
20240221;100650;159.720000000;300;9672942483;B
20240221;100650;159.710000000;300;9672942510;B
20240221;100650;159.710000000;930;9672942511;B
20240221;100650;159.710000000;10;9672942543;B
20240221;100650;159.700000000;10;9672942605;S
20240221;100650;159.700000000;120;9672942606;S
20240221;100650;159.680000000;10;9672942607;S
20240221;100650;159.670000000;860;9672942608;S
20240221;100651;159.700000000;1000;9672942673;B
20240221;100651;159.770000000;10;9672942859;B
20240221;100653;159.780000000;520;9672943204;B
20240221;100654;159.790000000;50;9672943673;B
20240221;100654;159.780000000;170;9672943698;S
20240221;100655;159.790000000;30;9672943931;B
20240221;100657;159.770000000;100;9672944322;S
20240221;100658;159.790000000;50;9672944706;B
20240221;100658;159.800000000;1000;9672944889;B
20240221;100700;159.760000000;4010;9672945483;S
20240221;100700;159.750000000;100;9672945484;S
20240221;100700;159.750000000;300;9672945485;S
20240221;100700;159.740000000;60;9672945486;S
