<DATE>;<TIME>;<LAST>;<VOL>;<ID>;<OPER>
20240226;095952;158.92;20;9696769884;S
20240226;095952;158.92;10;9696769885;S
20240226;095952;158.92;10;9696769886;S
20240226;095952;158.92;40;9696769887;S
20240226;095952;158.92;160;9696769888;S
20240226;095952;158.92;110;9696769889;S
20240226;095952;158.92;70;9696769890;S
20240226;095952;158.92;10;9696769891;S
20240226;095952;158.92;70;9696769892;S
20240226;095952;158.92;10;9696769893;S
20240226;095952;158.92;10;9696769894;S
20240226;095952;158.92;50;9696769895;S
20240226;095952;158.92;10;9696769896;S
20240226;095952;158.92;70;9696769897;S
20240226;095952;158.92;20;9696769898;S
20240226;095952;158.92;10;9696769899;S
20240226;095952;158.92;40;9696769900;S
20240226;095952;158.92;50;9696769901;S
20240226;095952;158.92;10;9696769902;S
20240226;095952;158.92;300;9696769903;S
20240226;095952;158.92;150;9696769904;S
20240226;095952;158.92;40;9696769905;S
20240226;095952;158.92;30;9696769906;S
20240226;095952;158.92;70;9696769907;S
20240226;095952;158.92;80;9696769908;S
20240226;095952;158.92;10;9696769909;S
20240226;095952;158.92;40;9696769910;S
20240226;095952;158.92;10;9696769911;S
20240226;095952;158.92;20;9696769912;S
20240226;095952;158.92;60;9696769913;S
20240226;095952;158.92;10;9696769914;S
20240226;095952;158.92;60;9696769915;S
20240226;095952;158.92;80;9696769916;S
20240226;095952;158.92;10;9696769917;S
20240226;095952;158.92;10;9696769918;S
20240226;095952;158.92;50;9696769919;S
20240226;095952;158.92;30;9696769920;S
20240226;095952;158.92;50;9696769921;S
20240226;095952;158.92;30;9696769922;S
20240226;095952;158.92;200;9696769923;S
20240226;095952;158.92;10;9696769924;S
20240226;095952;158.92;20;9696769925;S
20240226;095952;158.92;580;9696769926;S
20240226;095952;158.92;20;9696769927;S
20240226;095952;158.92;10;9696769928;S
20240226;095952;158.92;40;9696769929;S
20240226;095952;158.92;10;9696769930;S
20240226;095952;158.92;10;9696769931;S
20240226;095952;158.92;10;9696769932;S
20240226;095952;158.92;10;9696769933;S
20240226;095952;158.92;250;9696769934;S
20240226;095952;158.92;80;9696769935;S
20240226;095952;158.92;10;9696769936;S
20240226;095952;158.92;100;9696769937;S
20240226;095952;158.92;10;9696769938;S
20240226;095952;158.92;10;9696769939;S
20240226;095952;158.92;10;9696769940;B
20240226;095952;158.92;10;9696769941;B
20240226;095952;158.92;150;9696769942;S
20240226;095952;158.92;10;9696769943;B
20240226;095952;158.92;60;9696769944;B
20240226;095952;158.92;10;9696769945;B
20240226;095952;158.92;30;9696769946;B
20240226;095952;158.92;10;9696769947;B
20240226;095952;158.92;20;9696769948;S
20240226;095952;158.92;10;9696769949;S
20240226;095952;158.92;40;9696769950;B
20240226;095952;158.92;10;9696769951;B
20240226;095952;158.92;10;9696769952;B
20240226;095952;158.92;200;9696769953;B
20240226;095952;158.92;140;9696769954;B
20240226;095952;158.92;540;9696769955;B
20240226;095952;158.92;250;9696769956;B
20240226;095952;158.92;10;9696769957;B
20240226;095952;158.92;10;9696769958;B
20240226;095952;158.92;20;9696769959;B
20240226;095952;158.92;10;9696769960;B
20240226;095952;158.92;20;9696769961;B
20240226;095952;158.92;10;9696769962;S
20240226;095952;158.92;30;9696769963;S
20240226;095952;158.92;20;9696769964;S
20240226;095952;158.92;10;9696769965;S
20240226;095952;158.92;10;9696769966;S
20240226;095952;158.92;10;9696769967;S
20240226;095952;158.92;30;9696769968;B
20240226;095952;158.92;10;9696769969;B
20240226;095952;158.92;40;9696769970;B
20240226;095952;158.92;20;9696769971;B
20240226;095952;158.92;10;9696769972;B
20240226;095952;158.92;10;9696769973;B
20240226;095952;158.92;20;9696769974;B
20240226;095952;158.92;10;9696769975;B
20240226;095952;158.92;10;9696769976;B
20240226;095952;158.92;10;9696769977;B
20240226;095952;158.92;10;9696769978;B
20240226;095952;158.92;10;9696769979;B
20240226;095952;158.92;10;9696769980;B
20240226;095952;158.92;10;9696769981;B
20240226;095952;158.92;90;9696769982;B
20240226;095952;158.92;10;9696769983;B
20240226;095952;158.92;10;9696769984;B
20240226;095952;158.92;10;9696769985;B
20240226;095952;158.92;10;9696769986;B
20240226;095952;158.92;10;9696769987;B
20240226;095952;158.92;10;9696769988;B
20240226;095952;158.92;20;9696769989;B
20240226;095952;158.92;10;9696769990;B
20240226;095952;158.92;20;9696769991;B
20240226;095952;158.92;30;9696769992;B
20240226;095952;158.92;20;9696769993;B
20240226;095952;158.92;10;9696769994;B
20240226;095952;158.92;10;9696769995;B
20240226;095952;158.92;10;9696769996;B
20240226;095952;158.92;10;9696769997;B
20240226;095952;158.92;10;9696769998;B
20240226;095952;158.92;10;9696769999;B
20240226;095952;158.92;10;9696770000;B
20240226;095952;158.92;10;9696770001;B
20240226;095952;158.92;10;9696770002;B
20240226;095952;158.92;10;9696770003;B
20240226;095952;158.92;10;9696770004;B
20240226;095952;158.92;10;9696770005;B
20240226;095952;158.92;10;9696770006;B
20240226;095952;158.92;10;9696770007;B
20240226;095952;158.92;10;9696770008;B
20240226;095952;158.92;10;9696770009;B
20240226;095952;158.92;1000;9696770010;B
20240226;095952;158.92;160;9696770011;B
20240226;095952;158.92;10;9696770012;B
20240226;095952;158.92;10;9696770013;B
20240226;095952;158.92;50;9696770014;B
20240226;095952;158.92;30;9696770015;B
20240226;095952;158.92;30;9696770016;B
20240226;095952;158.92;100;9696770017;B
20240226;095952;158.92;360;9696770018;B
20240226;095952;158.92;10;9696770019;B
20240226;095952;158.92;80;9696770020;B
20240226;095952;158.92;40;9696770021;B
20240226;095952;158.92;30;9696770022;B
20240226;095952;158.92;570;9696770023;B
20240226;095952;158.92;10;9696770024;B
20240226;095952;158.92;50;9696770025;B
20240226;095952;158.92;150;9696770026;B
20240226;095952;158.92;40;9696770027;B
20240226;095952;158.92;60;9696770028;B
20240226;095952;158.92;10;9696770029;B
20240226;095952;158.92;20;9696770030;B
20240226;095952;158.92;20;9696770031;B
20240226;095952;158.92;60;9696770032;B
20240226;095952;158.92;10;9696770033;B
20240226;095952;158.92;10;9696770034;B
20240226;095952;158.92;20;9696770035;B
20240226;095952;158.92;20;9696770036;B
20240226;095952;158.92;270;9696770037;B
20240226;095952;158.92;330;9696770038;B
20240226;095952;158.92;60;9696770039;B
20240226;095952;158.92;10;9696770040;B
20240226;095952;158.92;10;9696770041;B
20240226;095952;158.92;10;9696770042;B
20240226;095952;158.92;20;9696770043;B
20240226;095952;158.92;20;9696770044;B
20240226;095952;158.92;320;9696770045;B
20240226;095952;158.92;10;9696770046;B
20240226;095952;158.92;30;9696770047;B
20240226;095952;158.92;820;9696770048;B
20240226;095952;158.92;10;9696770049;B
20240226;095952;158.92;30;9696770050;B
20240226;095952;158.92;120;9696770051;B
20240226;095952;158.92;30;9696770052;B
20240226;095952;158.92;10;9696770053;B
20240226;095952;158.92;10;9696770054;B
20240226;095952;158.92;10;9696770055;B
20240226;095952;158.92;10;9696770056;B
20240226;095952;158.92;10;9696770057;B
20240226;095952;158.92;1000;9696770058;B
20240226;095952;158.92;940;9696770059;B
20240226;095952;158.92;100;9696770060;B
20240226;095952;158.92;150;9696770061;B
20240226;095952;158.92;300;9696770062;B
20240226;095952;158.92;70;9696770063;B
20240226;095952;158.92;10;9696770064;B
20240226;095952;158.92;40;9696770065;B
20240226;095952;158.92;10;9696770066;S
20240226;095952;158.92;10;9696770067;B
20240226;095952;158.92;10;9696770068;S
20240226;095952;158.92;10;9696770069;B
20240226;095952;158.92;30;9696770070;B
20240226;095952;158.92;500;9696770071;B
20240226;095952;158.92;100;9696770072;B
20240226;095952;158.92;20;9696770073;B
20240226;095952;158.92;210;9696770074;B
20240226;095952;158.92;10;9696770075;B
20240226;095952;158.92;10;9696770076;B
20240226;095952;158.92;10;9696770077;B
20240226;095952;158.92;10;9696770078;B
20240226;095952;158.92;10;9696770079;B
20240226;095952;158.92;170;9696770080;B
20240226;095952;158.92;10;9696770081;S
20240226;095952;158.92;200;9696770082;B
20240226;095952;158.92;10;9696770083;S
20240226;095952;158.92;10;9696770084;B
20240226;095952;158.92;10;9696770085;S
20240226;095952;158.92;200;9696770086;B
20240226;095952;158.92;10;9696770087;S
20240226;095952;158.92;10;9696770088;S
20240226;095952;158.92;10;9696770089;B
20240226;095952;158.92;10;9696770090;B
20240226;095952;158.92;200;9696770091;B
20240226;095952;158.92;300;9696770092;B
20240226;095952;158.92;40;9696770093;B
20240226;095952;158.92;10;9696770094;B
20240226;095952;158.92;200;9696770095;B
20240226;095952;158.92;910;9696770096;B
20240226;095952;158.92;10;9696770097;B
20240226;095952;158.92;10;9696770098;B
20240226;095952;158.92;200;9696770099;B
20240226;095952;158.92;190;9696770100;B
20240226;095952;158.92;10;9696770101;B
20240226;095952;158.92;10;9696770102;B
20240226;095952;158.92;700;9696770103;B
20240226;095952;158.92;10;9696770104;B
20240226;095952;158.92;10;9696770105;B
20240226;095952;158.92;10;9696770106;B
20240226;095952;158.92;1000;9696770107;B
20240226;095952;158.92;30;9696770108;B
20240226;095952;158.92;60;9696770109;B
20240226;095952;158.92;10;9696770110;B
20240226;095952;158.92;30;9696770111;B
20240226;095952;158.92;10;9696770112;B
20240226;095952;158.92;20;9696770113;B
20240226;095952;158.92;10;9696770114;B
20240226;095952;158.92;50;9696770115;B
20240226;095952;158.92;10;9696770116;B
20240226;095952;158.92;20;9696770117;B
20240226;095952;158.92;20;9696770118;B
20240226;095952;158.92;1230;9696770119;B
20240226;095952;158.92;60;9696770120;B
20240226;095952;158.92;50;9696770121;B
20240226;095952;158.92;30;9696770122;B
20240226;095952;158.92;10;9696770123;B
20240226;095952;158.92;20;9696770124;B
20240226;095952;158.92;120;9696770125;B
20240226;095952;158.92;30;9696770126;B
20240226;095952;158.92;10;9696770127;B
20240226;095952;158.92;50;9696770128;B
20240226;095952;158.92;10;9696770129;B
20240226;095952;158.92;10;9696770130;B
20240226;095952;158.92;20;9696770131;B
20240226;095952;158.92;60;9696770132;B
20240226;095952;158.92;10;9696770133;B
20240226;095952;158.92;30;9696770134;B
20240226;095952;158.92;80;9696770135;B
20240226;095952;158.92;10;9696770136;B
20240226;095952;158.92;10;9696770137;B
20240226;095952;158.92;50;9696770138;B
20240226;095952;158.92;3100;9696770139;B
20240226;095952;158.92;30;9696770140;B
20240226;095952;158.92;20;9696770141;B
20240226;095952;158.92;120;9696770142;B
20240226;095952;158.92;10;9696770143;B
20240226;095952;158.92;1720;9696770144;S
20240226;095952;158.92;1350;9696770145;S
20240226;095952;158.92;590;9696770146;S
20240226;095952;158.92;10;9696770147;S
20240226;095952;158.92;10;9696770148;S
20240226;095952;158.92;200;9696770149;S
20240226;095952;158.92;20;9696770150;B
20240226;095952;158.92;100;9696770151;S
20240226;095952;158.92;10;9696770152;S
20240226;095952;158.92;300;9696770153;S
20240226;095952;158.92;5000;9696770154;S
20240226;095952;158.92;10;9696770155;S
20240226;095952;158.92;10;9696770156;S
20240226;095952;158.92;670;9696770157;B
20240226;095952;158.92;9000;9696770158;B
20240226;095952;158.92;10;9696770159;B
20240226;095952;158.92;20;9696770160;B
20240226;095952;158.92;10;9696770161;B
20240226;095952;158.92;10;9696770162;B
20240226;095952;158.92;200;9696770163;B
20240226;095952;158.92;80;9696770164;B
20240226;095952;158.92;10;9696770165;B
20240226;095952;158.92;450;9696770166;B
20240226;095952;158.92;550;9696770167;B
20240226;095952;158.92;10;9696770168;B
20240226;095952;158.92;190;9696770169;S
20240226;095952;158.92;20;9696770170;S
20240226;095952;158.92;100;9696770171;B
20240226;095952;158.92;10;9696770172;B
20240226;095952;158.92;10;9696770173;B
20240226;095952;158.92;90;9696770174;B
20240226;095952;158.92;40;9696770175;B
20240226;095952;158.92;50;9696770176;B
20240226;095952;158.92;110;9696770177;B
20240226;095952;158.92;890;9696770178;B
20240226;095952;158.92;120;9696770179;B
20240226;095952;158.92;40;9696770180;B
20240226;095952;158.92;950;9696770181;B
20240226;095952;158.92;500;9696770182;B
20240226;095952;158.92;10;9696770183;B
20240226;095952;158.92;100;9696770184;B
20240226;095952;158.92;30;9696770185;B
20240226;095952;158.92;1000;9696770186;B
20240226;095952;158.92;500;9696770187;B
20240226;095952;158.92;170;9696770188;B
20240226;095952;158.92;10;9696770189;B
20240226;095952;158.92;800;9696770190;B
20240226;095952;158.92;600;9696770191;B
20240226;095952;158.92;330;9696770192;B
20240226;095952;158.92;10;9696770193;B
20240226;095952;158.92;1000;9696770194;B
20240226;095952;158.92;10;9696770195;B
20240226;095952;158.92;10;9696770196;B
20240226;095952;158.92;680;9696770197;B
20240226;095952;158.92;5000;9696770198;B
20240226;095952;158.92;300;9696770199;S
20240226;100000;158.94;10;9696775634;B
20240226;100000;158.94;10;9696775635;B
20240226;100000;158.95;10;9696775644;B
20240226;100000;158.95;10;9696775645;B
20240226;100000;158.95;100;9696775646;B
20240226;100000;158.95;100;9696775647;B
20240226;100000;158.98;20;9696775668;B
20240226;100000;158.99;50;9696775669;B
20240226;100000;158.99;50;9696775670;B
20240226;100000;158.99;10;9696775671;B
20240226;100000;158.99;5000;9696775672;B
20240226;100000;158.99;10;9696775673;B
20240226;100000;158.99;40;9696775674;B
20240226;100000;158.99;6890;9696775675;B
20240226;100000;158.99;1500;9696775676;B
20240226;100000;158.99;10;9696775677;B
20240226;100000;158.99;200;9696775678;B
20240226;100000;159;100;9696775679;B
20240226;100000;159;20;9696775680;B
20240226;100000;159;10;9696775681;B
20240226;100000;159;20;9696775682;B
20240226;100000;159;250;9696775683;B
20240226;100000;159;120;9696775684;B
20240226;100000;159;20;9696775685;B
20240226;100000;159;100;9696775686;B
20240226;100000;159;100;9696775687;B
20240226;100000;159;10;9696775688;B
20240226;100000;159;10;9696775689;B
20240226;100000;159;20;9696775690;B
20240226;100000;159;130;9696775691;B
20240226;100000;159;50;9696775692;B
20240226;100000;159;10;9696775693;B
20240226;100000;159;20;9696775694;B
20240226;100000;159;20;9696775695;B
20240226;100000;159;100;9696775696;B
20240226;100000;159;30;9696775697;B
20240226;100000;159;2280;9696775698;B
20240226;100000;159.01;10;9696775724;B
20240226;100000;159.02;20;9696775725;B
20240226;100000;159.04;10;9696775726;B
20240226;100000;159.05;10;9696775727;B
20240226;100000;159.05;60;9696775728;B
20240226;100000;159.09;10;9696775729;B
20240226;100000;159.09;40;9696775730;B
20240226;100000;159.1;10;9696775731;B
20240226;100000;159.1;60;9696775732;B
20240226;100000;159.11;10;9696775733;B
20240226;100000;159.11;100;9696775734;B
20240226;100000;159.11;100;9696775735;B
20240226;100000;159.11;1560;9696775736;B
20240226;100000;159.11;300;9696775762;B
20240226;100000;159.11;300;9696775802;B
20240226;100000;159.11;300;9696775838;B
20240226;100000;159.1;200;9696775890;B
20240226;100000;159.1;500;9696776026;B
20240226;100000;159.1;10;9696776046;B
20240226;100000;159.1;500;9696776051;B
20240226;100000;159.1;500;9696776052;B
20240226;100000;159.1;1500;9696776053;B
20240226;100000;159.1;3000;9696776118;B
20240226;100000;159.1;700;9696776125;B
20240226;100000;159.1;500;9696776128;B
20240226;100000;159.1;500;9696776130;B
20240226;100000;159.1;90;9696776131;B
20240226;100000;159.11;410;9696776132;B
20240226;100000;159.11;1500;9696776133;B
20240226;100000;159.01;300;9696776137;S
20240226;100000;159.01;240;9696776138;S
20240226;100000;159.01;340;9696776139;S
20240226;100000;159;1120;9696776140;S
20240226;100000;159.11;630;9696776143;B
20240226;100000;159.12;30;9696776144;B
20240226;100000;159.13;130;9696776145;B
20240226;100000;159.15;10;9696776146;B
20240226;100000;159.15;10;9696776147;B
20240226;100000;159.15;10;9696776148;B
20240226;100000;159.15;60;9696776149;B
20240226;100000;159.15;340;9696776150;B
20240226;100000;159.16;20;9696776151;B
20240226;100000;159.16;20;9696776152;B
20240226;100000;159.16;1240;9696776153;B
20240226;100000;159.16;10;9696776164;B
20240226;100000;159.11;100;9696776232;S
20240226;100000;159.11;200;9696776233;S
20240226;100000;159.11;100;9696776238;S
20240226;100000;159.11;100;9696776264;S
20240226;100000;159.12;60;9696776379;S
20240226;100000;159.16;500;9696776380;B
20240226;100000;159.16;650;9696776445;B
20240226;100000;159.17;20;9696776501;B
20240226;100000;159.18;20;9696776502;B
20240226;100000;159.18;20;9696776503;B
20240226;100000;159.18;20;9696776504;B
20240226;100000;159.18;1000;9696776505;B
20240226;100000;159.19;500;9696776506;B
20240226;100000;159.19;10;9696776507;B
20240226;100000;159.19;30;9696776508;B
20240226;100000;159.19;2200;9696776509;B
20240226;100000;159.2;20;9696776510;B
20240226;100000;159.2;20;9696776511;B
20240226;100000;159.2;10;9696776512;B
20240226;100000;159.2;500;9696776513;B
20240226;100000;159.2;20;9696776514;B
20240226;100000;159.2;20;9696776515;B
20240226;100000;159.2;2290;9696776516;B
20240226;100000;159.19;40;9696776537;S
20240226;100000;159.16;20;9696776538;S
20240226;100000;159.2;20;9696776605;B
20240226;100000;159.2;500;9696776843;B
20240226;100000;159.19;100;9696776942;S
20240226;100000;159.2;190;9696777001;B
20240226;100000;159.2;60;9696777002;B
20240226;100000;159.21;10;9696777014;B
20240226;100000;159.2;100;9696777151;S
20240226;100000;159.21;30;9696777408;B
20240226;100000;159.21;40;9696777552;B
20240226;100000;159.21;400;9696777600;B
20240226;100000;159.21;1680;9696777625;B
20240226;100000;159.21;2840;9696777626;B
20240226;100000;159.21;30;9696777627;B
20240226;100000;159.22;10;9696777636;B
20240226;100000;159.21;200;9696777807;B
20240226;100001;159.21;300;9696777879;B
20240226;100001;159.21;100;9696777907;S
20240226;100001;159.22;10;9696777919;B
20240226;100001;159.22;20;9696777920;B
20240226;100001;159.23;30;9696777984;B
20240226;100001;159.23;100;9696777998;S
20240226;100001;159.24;20;9696778026;B
20240226;100001;159.24;20;9696778027;B
20240226;100001;159.24;20;9696778028;B
20240226;100001;159.24;240;9696778029;B
20240226;100001;159.24;10;9696778030;B
20240226;100001;159.24;20;9696778031;B
20240226;100001;159.24;1000;9696778032;B
20240226;100001;159.24;180;9696778033;B
20240226;100001;159.24;270;9696778034;B
20240226;100001;159.24;100;9696778044;S
20240226;100001;159.24;300;9696778046;S
20240226;100001;159.25;10;9696778068;B
20240226;100001;159.25;30;9696778069;B
20240226;100001;159.25;60;9696778070;B
20240226;100001;159.25;100;9696778107;S
20240226;100001;159.26;20;9696778118;B
20240226;100001;159.26;30;9696778119;B
20240226;100001;159.26;100;9696778157;S
20240226;100001;159.27;10;9696778196;B
20240226;100001;159.27;20;9696778197;B
20240226;100001;159.27;20;9696778198;B
20240226;100001;159.26;100;9696778208;S
20240226;100001;159.27;10;9696778217;B
20240226;100001;159.26;100;9696778440;S
20240226;100001;159.27;300;9696778516;B
20240226;100001;159.27;310;9696778517;B
20240226;100001;159.28;20;9696778518;B
20240226;100001;159.28;20;9696778519;B
20240226;100001;159.29;10;9696778520;B
20240226;100001;159.29;30;9696778521;B
20240226;100001;159.29;1350;9696778522;B
20240226;100001;159.29;550;9696778553;B
20240226;100001;159.29;450;9696778554;B
20240226;100001;159.29;670;9696778556;B
20240226;100001;159.29;500;9696778557;B
20240226;100001;159.29;280;9696778558;B
20240226;100001;159.29;220;9696778559;S
20240226;100001;159.29;80;9696778560;S
20240226;100001;159.3;10;9696778621;B
20240226;100001;159.3;10;9696778622;B
20240226;100001;159.3;10;9696778623;B
20240226;100001;159.3;10;9696778624;B
20240226;100001;159.3;210;9696778625;B
20240226;100001;159.29;40;9696778977;S
20240226;100001;159.3;290;9696779048;B
20240226;100001;159.3;100;9696779049;B
20240226;100001;159.3;20;9696779050;B
20240226;100001;159.3;60;9696779051;B
20240226;100001;159.3;6100;9696779052;B
20240226;100001;159.3;400;9696779058;B
20240226;100001;159.3;150;9696779078;B
20240226;100001;159.3;9350;9696779084;B
20240226;100001;159.3;700;9696779085;B
20240226;100001;159.3;300;9696779086;B
20240226;100001;159.3;100;9696779087;B
20240226;100001;159.3;700;9696779088;B
20240226;100001;159.3;500;9696779089;B
20240226;100001;159.31;20;9696779120;B
20240226;100001;159.31;10000;9696779121;B
20240226;100001;159.31;30;9696779122;B
20240226;100001;159.32;10;9696779150;B
20240226;100001;159.33;20;9696779151;B
20240226;100001;159.33;20;9696779152;B
20240226;100001;159.33;30;9696779153;B
20240226;100001;159.34;70;9696779154;B
20240226;100001;159.35;350;9696779155;B
20240226;100001;159.35;150;9696779194;B
20240226;100001;159.35;10;9696779195;B
20240226;100001;159.35;30;9696779196;B
20240226;100001;159.35;60;9696779197;B
20240226;100001;159.36;30;9696779286;B
20240226;100001;159.37;10;9696779287;B
20240226;100001;159.37;30;9696779288;B
20240226;100001;159.38;30;9696779289;B
20240226;100001;159.39;50;9696779290;B
20240226;100001;159.39;450;9696779291;B
20240226;100001;159.35;10;9696779305;S
20240226;100001;159.39;10;9696779317;B
20240226;100001;159.39;40;9696779337;B
20240226;100001;159.39;10;9696779338;B
20240226;100001;159.39;10;9696779339;B
20240226;100001;159.4;20;9696779357;B
20240226;100001;159.4;10;9696779358;B
20240226;100001;159.4;7070;9696779359;B
20240226;100001;159.4;2930;9696779374;B
20240226;100001;159.4;30;9696779375;B
20240226;100001;159.4;20;9696779376;B
20240226;100001;159.4;60;9696779377;B
20240226;100001;159.4;200;9696779378;B
20240226;100001;159.4;330;9696779379;B
20240226;100001;159.4;100;9696779494;S
20240226;100001;159.41;10;9696779569;B
20240226;100001;159.41;500;9696779570;B
20240226;100001;159.41;540;9696779571;B
20240226;100001;159.41;360;9696779589;B
20240226;100001;159.41;100;9696779599;S
20240226;100001;159.42;30;9696779609;B
20240226;100001;159.44;30;9696779662;B
20240226;100001;159.44;10;9696779663;B
20240226;100001;159.45;10;9696779690;B
20240226;100001;159.45;60;9696779691;B
20240226;100001;159.45;240;9696779694;S
20240226;100002;159.46;30;9696779767;B
20240226;100002;159.47;10;9696779835;B
20240226;100002;159.47;50;9696779836;B
20240226;100002;159.46;100;9696779853;S
20240226;100002;159.46;50;9696779880;S
20240226;100002;159.46;50;9696779881;S
20240226;100002;159.47;190;9696779884;B
20240226;100002;159.47;600;9696779941;B
20240226;100002;159.47;190;9696779942;B
20240226;100002;159.47;50;9696779953;B
20240226;100002;159.47;100;9696779990;S
20240226;100002;159.47;850;9696779997;S
20240226;100002;159.47;1000;9696779998;S
20240226;100002;159.46;450;9696779999;S
20240226;100002;159.48;50;9696780107;B
20240226;100002;159.48;30;9696780108;B
20240226;100002;159.48;1900;9696780109;B
20240226;100002;159.48;240;9696780110;B
20240226;100002;159.48;270;9696780111;B
20240226;100002;159.49;400;9696780126;B
20240226;100002;159.49;10;9696780127;B
20240226;100002;159.49;10;9696780128;B
20240226;100002;159.49;100;9696780129;B
20240226;100002;159.49;2000;9696780130;B
20240226;100002;159.49;100;9696780143;S
20240226;100002;159.49;100;9696780152;S
20240226;100002;159.5;10;9696780168;B
20240226;100002;159.5;10;9696780169;B
20240226;100002;159.5;40;9696780170;B
20240226;100002;159.5;10;9696780171;B
20240226;100002;159.5;30;9696780172;B
20240226;100002;159.5;20;9696780173;B
20240226;100002;159.5;60;9696780174;B
20240226;100002;159.5;20;9696780175;B
20240226;100002;159.5;50;9696780176;B
20240226;100002;159.5;3870;9696780177;B
20240226;100002;159.49;100;9696780195;S
20240226;100002;159.5;500;9696780213;B
20240226;100002;159.5;500;9696780228;B
20240226;100002;159.48;100;9696780238;S
20240226;100002;159.5;500;9696780251;B
20240226;100002;159.5;500;9696780263;B
20240226;100002;159.5;370;9696780265;B
20240226;100002;159.5;370;9696780273;B
20240226;100002;159.5;50;9696780295;B
20240226;100002;159.48;100;9696780309;S
20240226;100002;159.48;40;9696780322;S
20240226;100002;159.48;100;9696780371;S
20240226;100002;159.5;4790;9696780417;B
20240226;100002;159.49;100;9696780468;S
20240226;100002;159.49;200;9696780610;S
20240226;100002;159.49;100;9696780611;S
20240226;100002;159.5;1200;9696780670;B
20240226;100002;159.5;1200;9696780706;B
20240226;100002;159.5;2150;9696780722;B
20240226;100002;159.49;300;9696780728;S
20240226;100002;159.51;70;9696780783;B
20240226;100002;159.51;20;9696780784;B
20240226;100002;159.52;10;9696780854;B
20240226;100002;159.52;50;9696780855;B
20240226;100002;159.54;50;9696780856;B
20240226;100002;159.55;10;9696780857;B
20240226;100002;159.55;10;9696780858;B
20240226;100002;159.55;10;9696780859;B
20240226;100002;159.55;60;9696780860;B
20240226;100002;159.55;50;9696780861;B
20240226;100002;159.56;20;9696780862;B
20240226;100002;159.56;30;9696780863;B
20240226;100002;159.57;50;9696780864;B
20240226;100002;159.57;30;9696780865;B
20240226;100002;159.58;30;9696780866;B
20240226;100002;159.58;240;9696780867;B
20240226;100002;159.59;100;9696780868;B
20240226;100002;159.5;300;9696780882;S
20240226;100002;159.5;100;9696780883;S
20240226;100002;159.57;240;9696780993;B
20240226;100002;159.58;760;9696780994;B
20240226;100002;159.57;240;9696781011;B
20240226;100002;159.58;760;9696781012;B
20240226;100002;159.57;240;9696781033;B
20240226;100002;159.57;500;9696781052;S
20240226;100002;159.57;260;9696781053;S
20240226;100002;159.57;240;9696781054;S
20240226;100002;159.58;380;9696781075;B
20240226;100002;159.58;240;9696781076;B
20240226;100002;159.59;400;9696781187;B
20240226;100002;159.59;230;9696781188;B
20240226;100002;159.59;10;9696781212;B
20240226;100002;159.59;260;9696781220;B
20240226;100002;159.59;500;9696781221;B
20240226;100002;159.59;500;9696781222;B
20240226;100002;159.59;500;9696781223;B
20240226;100002;159.59;10;9696781224;B
20240226;100002;159.59;50;9696781225;B
20240226;100002;159.59;30;9696781226;B
20240226;100002;159.59;50;9696781240;S
20240226;100002;159.59;450;9696781265;B
20240226;100002;159.59;240;9696781266;B
20240226;100002;159.59;510;9696781301;S
20240226;100002;159.59;190;9696781302;S
20240226;100002;159.59;700;9696781303;S
20240226;100002;159.59;310;9696781304;S
20240226;100002;159.59;200;9696781305;S
20240226;100002;159.59;190;9696781306;S
20240226;100002;159.59;600;9696781325;S
20240226;100002;159.6;10;9696781370;B
20240226;100002;159.6;600;9696781421;B
20240226;100002;159.6;60;9696781478;B
20240226;100002;159.6;10;9696781479;B
20240226;100002;159.6;10;9696781480;B
20240226;100002;159.6;120;9696781481;B
20240226;100002;159.6;60;9696781482;B
20240226;100002;159.6;30;9696781483;B
20240226;100002;159.61;30;9696781549;B
20240226;100002;159.6;10;9696781559;S
20240226;100002;159.62;30;9696781616;B
20240226;100002;159.62;50;9696781617;B
20240226;100002;159.62;50;9696781618;B
20240226;100002;159.62;30;9696781619;B
20240226;100002;159.61;700;9696781620;S
20240226;100002;159.63;40;9696781626;B
20240226;100002;159.63;30;9696781627;B
20240226;100002;159.63;240;9696781628;B
20240226;100002;159.64;250;9696781629;B
20240226;100002;159.64;30;9696781630;B
20240226;100002;159.64;240;9696781631;B
20240226;100002;159.65;10;9696781632;B
20240226;100002;159.65;10;9696781633;B
20240226;100002;159.65;60;9696781634;B
20240226;100002;159.65;50;9696781635;B
20240226;100002;159.65;30;9696781636;B
20240226;100002;159.65;60;9696781637;B
20240226;100002;159.61;100;9696781652;S
20240226;100002;159.65;20;9696781700;B
20240226;100002;159.65;160;9696781708;B
20240226;100002;159.65;1200;9696781724;S
20240226;100002;159.65;500;9696781729;S
20240226;100002;159.65;140;9696781737;S
20240226;100002;159.65;860;9696781738;S
20240226;100002;159.66;30;9696781762;B
20240226;100002;159.66;240;9696781763;B
20240226;100002;159.66;300;9696781764;B
20240226;100002;159.66;240;9696781820;B
20240226;100002;159.67;10;9696781821;B
20240226;100002;159.67;30;9696781822;B
20240226;100002;159.67;240;9696781823;B
20240226;100002;159.67;300;9696781831;S
20240226;100002;159.67;380;9696781836;S
20240226;100002;159.67;20;9696781837;S
20240226;100003;159.68;50;9696781881;B
20240226;100003;159.68;30;9696781882;B
20240226;100003;159.68;240;9696781888;B
20240226;100003;159.68;310;9696781889;B
20240226;100003;159.68;210;9696781890;B
20240226;100003;159.68;130;9696781931;B
20240226;100003;159.68;110;9696781942;B
20240226;100003;159.69;10;9696781943;B
20240226;100003;159.69;30;9696781944;B
20240226;100003;159.69;240;9696781945;B
20240226;100003;159.69;210;9696781946;B
20240226;100003;159.67;440;9696781952;S
20240226;100003;159.68;240;9696781981;B
20240226;100003;159.68;120;9696781982;B
20240226;100003;159.68;180;9696781984;B
20240226;100003;159.69;820;9696781985;B
20240226;100003;159.68;240;9696782006;B
20240226;100003;159.68;300;9696782007;B
20240226;100003;159.69;270;9696782021;B
20240226;100003;159.68;30;9696782036;S
20240226;100003;159.69;600;9696782038;B
20240226;100003;159.69;240;9696782039;B
20240226;100003;159.69;300;9696782040;B
20240226;100003;159.69;500;9696782054;S
20240226;100003;159.69;300;9696782077;S
20240226;100003;159.7;10;9696782109;B
20240226;100003;159.7;100;9696782110;B
20240226;100003;159.7;500;9696782111;B
20240226;100003;159.7;390;9696782112;B
20240226;100003;159.7;10;9696782130;B
20240226;100003;159.7;100;9696782206;B
20240226;100003;159.7;100;9696782295;B
20240226;100003;159.7;400;9696782307;B
20240226;100003;159.69;410;9696782315;S
20240226;100003;159.69;460;9696782316;S
20240226;100003;159.69;1000;9696782317;S
20240226;100003;159.69;130;9696782318;S
20240226;100003;159.7;100;9696782319;B
20240226;100003;159.7;190;9696782327;B
20240226;100003;159.7;660;9696782336;B
20240226;100003;159.7;60;9696782337;B
20240226;100003;159.7;50;9696782338;B
20240226;100003;159.7;230;9696782339;B
20240226;100003;159.7;700;9696782383;B
20240226;100003;159.7;570;9696782401;B
20240226;100003;159.7;5000;9696782402;B
20240226;100003;159.7;30;9696782403;B
20240226;100003;159.7;240;9696782404;B
20240226;100003;159.7;1260;9696782405;B
20240226;100003;159.69;40;9696782459;S
20240226;100003;159.7;50;9696782523;B
20240226;100003;159.7;190;9696782538;B
20240226;100003;159.7;10;9696782539;B
20240226;100003;159.7;30;9696782664;B
20240226;100003;159.7;50;9696782685;B
20240226;100003;159.7;10;9696782774;B
20240226;100003;159.7;250;9696782816;B
20240226;100003;159.69;200;9696782909;S
20240226;100003;159.7;1550;9696782935;B
20240226;100003;159.7;50;9696782936;S
20240226;100003;159.7;20;9696782962;S
20240226;100003;159.7;300;9696782975;S
20240226;100003;159.71;50;9696783029;B
20240226;100003;159.71;50;9696783030;B
20240226;100003;159.71;10;9696783039;B
20240226;100003;159.7;30;9696783053;S
20240226;100003;159.7;100;9696783122;S
20240226;100003;159.7;20;9696783124;S
20240226;100003;159.7;300;9696783230;S
20240226;100003;159.7;30;9696783232;S
20240226;100003;159.7;410;9696783246;S
20240226;100003;159.7;300;9696783247;S
20240226;100003;159.7;530;9696783248;S
20240226;100003;159.7;40;9696783272;S
20240226;100003;159.7;100;9696783290;S
20240226;100004;159.71;1000;9696783570;B
20240226;100004;159.71;1240;9696783572;B
20240226;100004;159.71;60;9696783574;B
20240226;100004;159.7;300;9696783578;S
20240226;100004;159.7;10;9696783585;S
20240226;100004;159.71;2000;9696783596;B
20240226;100004;159.71;640;9696783601;B
20240226;100004;159.71;30;9696783602;B
20240226;100004;159.71;240;9696783603;B
20240226;100004;159.72;300;9696783683;B
20240226;100004;159.72;100;9696783687;B
20240226;100004;159.72;100;9696783693;B
20240226;100004;159.72;40;9696783722;B
20240226;100004;159.72;30;9696783736;B
20240226;100004;159.72;10;9696783774;B
20240226;100004;159.71;1000;9696783820;S
20240226;100004;159.72;3000;9696783823;B
20240226;100004;159.72;1420;9696783824;B
20240226;100004;159.72;50;9696783825;B
20240226;100004;159.72;30;9696783826;B
20240226;100004;159.72;900;9696783827;B
20240226;100004;159.72;410;9696783828;B
20240226;100004;159.71;90;9696783943;S
20240226;100004;159.71;10;9696783944;S
20240226;100004;159.71;30;9696783951;S
20240226;100004;159.72;600;9696784183;B
20240226;100004;159.72;30;9696784295;B
20240226;100004;159.71;700;9696784307;S
20240226;100004;159.71;10;9696784308;S
20240226;100004;159.72;110;9696784327;B
20240226;100004;159.71;10;9696784399;S
20240226;100004;159.72;850;9696784407;B
20240226;100004;159.73;50;9696784417;B
20240226;100004;159.73;30;9696784418;B
20240226;100004;159.74;50;9696784438;B
20240226;100004;159.74;30;9696784439;B
20240226;100004;159.75;10;9696784476;B
20240226;100004;159.75;10;9696784477;B
20240226;100004;159.75;60;9696784478;B
20240226;100004;159.75;30;9696784479;B
20240226;100004;159.75;210;9696784480;B
20240226;100004;159.75;30;9696784484;B
20240226;100004;159.76;50;9696784558;B
20240226;100004;159.76;30;9696784559;B
20240226;100004;159.77;20;9696784560;B
20240226;100004;159.77;500;9696784570;B
20240226;100004;159.77;50;9696784571;B
20240226;100004;159.77;30;9696784572;B
20240226;100004;159.77;240;9696784573;B
20240226;100004;159.77;20;9696784596;S
20240226;100004;159.77;150;9696784597;S
20240226;100004;159.78;450;9696784613;B
20240226;100004;159.78;10;9696784690;B
20240226;100004;159.78;500;9696784850;B
20240226;100004;159.78;100;9696784866;B
20240226;100004;159.77;10;9696784937;S
20240226;100004;159.78;50;9696785052;B
20240226;100004;159.78;100;9696785066;B
20240226;100005;159.78;290;9696785153;B
20240226;100005;159.78;240;9696785160;S
20240226;100005;159.79;10;9696785170;B
20240226;100005;159.79;50;9696785171;B
20240226;100005;159.79;30;9696785172;B
20240226;100005;159.79;240;9696785173;B
20240226;100005;159.79;40;9696785174;B
20240226;100005;159.79;300;9696785204;B
20240226;100005;159.79;1200;9696785215;B
20240226;100005;159.79;200;9696785220;B
20240226;100005;159.79;160;9696785221;B
20240226;100005;159.79;240;9696785222;B
20240226;100005;159.8;10;9696785232;B
20240226;100005;159.8;10;9696785233;B
20240226;100005;159.8;10;9696785234;B
20240226;100005;159.8;1930;9696785235;B
20240226;100005;159.8;400;9696785236;B
20240226;100005;159.8;20;9696785237;B
20240226;100005;159.79;600;9696785240;S
20240226;100005;159.79;200;9696785247;S
20240226;100005;159.79;200;9696785290;S
20240226;100005;159.79;200;9696785291;S
20240226;100005;159.79;1000;9696785297;S
20240226;100005;159.8;10;9696785303;B
20240226;100005;159.79;100;9696785358;S
20240226;100005;159.79;10;9696785373;S
20240226;100005;159.8;20;9696785467;B
20240226;100005;159.8;120;9696785497;B
20240226;100005;159.8;60;9696785498;B
20240226;100005;159.8;2630;9696785499;B
20240226;100005;159.8;2810;9696785564;B
20240226;100005;159.79;10;9696785608;S
20240226;100005;159.8;10;9696785665;B
20240226;100005;159.8;20;9696785666;B
20240226;100005;159.79;30;9696785674;S
20240226;100005;159.79;50;9696785675;S
20240226;100005;159.79;250;9696785676;S
20240226;100005;159.8;2060;9696785735;B
20240226;100005;159.8;110;9696785791;B
20240226;100005;159.8;10;9696785795;B
20240226;100005;159.79;10;9696785838;S
20240226;100005;159.8;80;9696785981;B
20240226;100005;159.8;100;9696785983;B
20240226;100005;159.8;130;9696786271;B
20240226;100006;159.8;920;9696786359;B
20240226;100006;159.8;470;9696786366;B
20240226;100006;159.8;1000;9696786369;B
20240226;100006;159.8;110;9696786380;B
20240226;100006;159.8;440;9696786403;B
20240226;100006;159.8;300;9696786404;B
20240226;100006;159.8;1200;9696786410;B
20240226;100006;159.8;200;9696786411;B
20240226;100006;159.8;1200;9696786419;B
20240226;100006;159.8;200;9696786420;B
20240226;100006;159.8;1200;9696786426;B
20240226;100006;159.8;100;9696786427;B
20240226;100006;159.8;410;9696786446;B
20240226;100006;159.8;300;9696786447;B
20240226;100006;159.8;940;9696786451;B
20240226;100006;159.8;100;9696786452;B
20240226;100006;159.8;1200;9696786458;B
20240226;100006;159.8;200;9696786459;B
20240226;100006;159.8;20;9696786461;B
20240226;100006;159.8;1200;9696786462;B
20240226;100006;159.8;3400;9696786463;B
20240226;100006;159.8;1200;9696786470;B
20240226;100006;159.8;300;9696786471;B
20240226;100006;159.8;10;9696786475;B
20240226;100006;159.8;200;9696786536;B
20240226;100006;159.8;200;9696786550;B
20240226;100006;159.8;110;9696786572;B
20240226;100006;159.79;30;9696786611;S
20240226;100006;159.79;40;9696786612;S
20240226;100006;159.8;5000;9696786649;B
20240226;100006;159.8;10;9696786746;B
20240226;100006;159.79;750;9696786825;S
20240226;100006;159.79;20;9696786957;S
20240226;100006;159.79;10;9696787011;S
20240226;100006;159.79;20;9696787043;S
20240226;100006;159.79;10;9696787211;S
20240226;100006;159.79;10;9696787249;S
20240226;100006;159.8;80;9696787257;B
20240226;100006;159.79;20;9696787265;S
20240226;100006;159.8;10;9696787473;B
20240226;100006;159.8;10;9696787497;B
20240226;100006;159.8;10;9696787580;B
20240226;100006;159.8;10;9696787595;B
20240226;100006;159.8;10;9696787596;B
20240226;100006;159.8;10;9696787611;B
20240226;100006;159.79;10;9696787623;S
20240226;100006;159.8;10;9696787625;B
20240226;100006;159.8;10;9696787634;B
20240226;100006;159.79;20;9696787635;S
20240226;100006;159.8;10;9696787647;B
20240226;100006;159.79;10;9696787660;S
20240226;100006;159.79;10;9696787675;S
20240226;100006;159.8;10;9696787682;B
20240226;100006;159.8;10;9696787714;B
20240226;100006;159.8;10;9696787726;B
20240226;100006;159.8;10;9696787748;B
20240226;100006;159.8;10;9696787758;B
20240226;100006;159.8;10;9696787759;B
20240226;100006;159.8;20;9696787766;B
20240226;100006;159.8;10;9696787774;B
20240226;100006;159.8;10;9696787782;B
20240226;100006;159.8;10;9696787793;B
20240226;100006;159.8;680;9696787816;B
20240226;100006;159.8;10;9696787818;B
20240226;100006;159.8;10;9696787832;B
20240226;100006;159.79;10;9696787841;S
20240226;100006;159.8;10;9696787851;B
20240226;100006;159.79;60;9696787857;S
20240226;100006;159.79;140;9696787858;S
20240226;100006;159.8;10;9696787877;B
20240226;100006;159.79;800;9696787885;S
20240226;100006;159.8;300;9696787899;B
20240226;100006;159.8;10;9696787943;B
20240226;100007;159.8;20;9696787949;B
20240226;100007;159.8;10;9696787952;B
20240226;100007;159.8;10;9696788001;B
20240226;100007;159.8;370;9696788008;B
20240226;100007;159.8;10;9696788012;B
20240226;100007;159.79;60;9696788161;S
20240226;100007;159.79;1000;9696788162;S
20240226;100007;159.79;1000;9696788163;S
20240226;100007;159.79;1000;9696788164;S
20240226;100007;159.79;940;9696788165;S
20240226;100007;159.79;60;9696788174;S
20240226;100007;159.79;40;9696788175;S
20240226;100007;159.8;10;9696788180;B
20240226;100007;159.8;10;9696788182;B
20240226;100007;159.8;10;9696788189;B
20240226;100007;159.8;20;9696788192;B
20240226;100007;159.8;50;9696788194;B
20240226;100007;159.8;10;9696788195;B
20240226;100007;159.8;10;9696788196;B
20240226;100007;159.8;20;9696788199;B
20240226;100007;159.79;40;9696788201;S
20240226;100007;159.79;20;9696788206;S
20240226;100007;159.8;50;9696788212;B
20240226;100007;159.8;10;9696788219;B
20240226;100007;159.8;10;9696788228;B
20240226;100007;159.8;10;9696788230;B
20240226;100007;159.8;10;9696788236;B
20240226;100007;159.8;10;9696788241;B
20240226;100007;159.8;10;9696788244;B
20240226;100007;159.8;10;9696788257;B
20240226;100007;159.8;10;9696788266;B
20240226;100007;159.79;10;9696788268;S
20240226;100007;159.8;30;9696788275;B
20240226;100007;159.8;40;9696788276;B
20240226;100007;159.8;10;9696788283;B
20240226;100007;159.8;10;9696788286;B
20240226;100007;159.79;100;9696788315;S
20240226;100007;159.8;50;9696788407;B
20240226;100007;159.8;120;9696788440;B
20240226;100007;159.8;10;9696788452;B
20240226;100007;159.8;20;9696788459;B
20240226;100007;159.79;10;9696788469;S
20240226;100007;159.8;10;9696788481;B
20240226;100007;159.79;50;9696788483;S
20240226;100007;159.8;10;9696788490;B
20240226;100007;159.8;10;9696788504;B
20240226;100007;159.79;10;9696788513;S
20240226;100007;159.8;10;9696788530;B
20240226;100007;159.8;10;9696788540;B
20240226;100007;159.8;10;9696788549;B
20240226;100007;159.8;10;9696788553;B
20240226;100007;159.8;30;9696788571;B
20240226;100007;159.8;10;9696788590;B
20240226;100007;159.79;20;9696788592;S
20240226;100007;159.8;10;9696788623;B
20240226;100007;159.8;20;9696788643;B
20240226;100007;159.8;10;9696788651;B
20240226;100007;159.8;10;9696788661;B
20240226;100007;159.8;10;9696788674;B
20240226;100007;159.79;100;9696788739;S
20240226;100007;159.8;10;9696788850;B
20240226;100007;159.8;270;9696788879;B
20240226;100007;159.8;10;9696788886;B
20240226;100007;159.8;10;9696788927;B
20240226;100007;159.8;600;9696789049;B
20240226;100007;159.79;10;9696789060;S
20240226;100007;159.79;250;9696789075;S
20240226;100007;159.8;10;9696789167;B
20240226;100007;159.8;10;9696789213;B
20240226;100007;159.79;100;9696789434;S
20240226;100007;159.8;1500;9696789732;B
20240226;100007;159.8;1500;9696789743;B
20240226;100007;159.8;1500;9696789754;B
20240226;100007;159.79;100;9696789763;S
20240226;100007;159.8;10;9696789791;B
20240226;100007;159.8;10;9696789793;B
20240226;100007;159.8;10;9696789794;B
20240226;100007;159.8;10;9696789795;B
20240226;100007;159.79;10;9696789812;S
20240226;100007;159.8;10;9696789814;B
20240226;100007;159.8;10;9696789815;B
20240226;100007;159.8;10;9696789819;B
20240226;100007;159.8;10;9696789821;B
20240226;100007;159.8;400;9696789823;B
20240226;100007;159.8;20;9696789824;B
20240226;100007;159.8;10;9696789828;B
20240226;100007;159.8;10;9696789832;B
20240226;100007;159.8;10;9696789834;B
20240226;100007;159.8;10;9696789841;B
20240226;100008;159.79;10;9696790670;S
20240226;100008;159.8;10;9696790675;B
20240226;100008;159.8;300;9696790743;B
20240226;100008;159.8;110;9696790828;B
20240226;100008;159.79;30;9696791385;S
20240226;100008;159.8;70;9696791394;B
20240226;100008;159.8;10;9696791613;B
20240226;100008;159.79;10;9696791736;S
20240226;100008;159.8;10;9696791737;B
20240226;100008;159.8;10;9696791740;B
20240226;100008;159.8;10;9696791743;B
20240226;100008;159.8;10;9696791748;B
20240226;100008;159.8;10;9696791749;B
20240226;100008;159.79;70;9696791756;S
20240226;100008;159.79;10;9696791757;S
20240226;100008;159.79;10;9696791758;S
20240226;100008;159.8;20;9696791762;B
20240226;100008;159.79;10;9696791765;S
20240226;100008;159.8;10;9696791768;B
20240226;100008;159.8;10;9696791775;B
20240226;100008;159.8;10;9696791779;B
20240226;100008;159.8;400;9696791789;B
20240226;100008;159.8;10;9696791792;B
20240226;100008;159.8;10;9696791795;B
20240226;100008;159.8;70;9696791799;B
20240226;100008;159.8;10;9696791801;B
20240226;100008;159.8;10;9696791808;B
20240226;100008;159.8;10;9696791812;B
20240226;100008;159.8;300;9696791817;B
20240226;100008;159.8;10;9696791824;B
20240226;100008;159.8;10;9696791825;B
20240226;100008;159.79;10;9696791829;S
20240226;100008;159.79;10;9696791907;S
20240226;100008;159.8;10;9696791923;B
20240226;100009;159.79;20;9696792316;S
20240226;100009;159.79;10;9696792317;S
20240226;100009;159.79;10;9696792326;S
20240226;100009;159.8;1400;9696792355;B
20240226;100009;159.79;920;9696792379;S
20240226;100009;159.79;380;9696792380;S
20240226;100009;159.79;100;9696792836;S
20240226;100009;159.79;300;9696792924;S
20240226;100009;159.8;10;9696793047;B
20240226;100009;159.8;10;9696793055;B
20240226;100009;159.79;100;9696793366;S
20240226;100009;159.79;120;9696793685;S
20240226;100009;159.79;880;9696793686;S
20240226;100009;159.8;20;9696793703;B
20240226;100009;159.8;10;9696793710;B
20240226;100009;159.79;120;9696793712;S
20240226;100009;159.79;880;9696793713;S
20240226;100009;159.79;10;9696793716;S
20240226;100009;159.8;40;9696793734;B
20240226;100009;159.79;10;9696793746;S
20240226;100009;159.8;10;9696793752;B
20240226;100009;159.8;10;9696793760;B
20240226;100009;159.79;100;9696793774;S
20240226;100009;159.79;900;9696793775;S
20240226;100009;159.79;10;9696793776;S
20240226;100009;159.8;10;9696793781;B
20240226;100009;159.8;50;9696793787;B
20240226;100009;159.79;10;9696793818;S
20240226;100009;159.8;10;9696793821;B
20240226;100009;159.8;10;9696793827;B
20240226;100009;159.79;10;9696793834;S
20240226;100009;159.8;10;9696793841;B
20240226;100009;159.8;10;9696793851;B
20240226;100009;159.8;90;9696793857;B
20240226;100009;159.8;10;9696793860;B
20240226;100009;159.8;10;9696793864;B
20240226;100009;159.79;30;9696793871;S
20240226;100009;159.79;40;9696793911;S
20240226;100009;159.79;10;9696793912;S
20240226;100009;159.8;10;9696793963;B
20240226;100009;159.79;10;9696793974;S
20240226;100009;159.79;10;9696793978;S
20240226;100009;159.8;10;9696793980;B
20240226;100009;159.8;20;9696793982;B
20240226;100009;159.8;20;9696793986;B
20240226;100009;159.8;10;9696793992;B
20240226;100009;159.8;10;9696793994;B
20240226;100009;159.8;10;9696793996;B
20240226;100009;159.8;10;9696794008;B
20240226;100009;159.8;10;9696794012;B
20240226;100009;159.79;20;9696794013;S
20240226;100009;159.79;140;9696794023;S
20240226;100009;159.8;10;9696794026;B
20240226;100009;159.79;10;9696794028;S
20240226;100009;159.8;10;9696794038;B
20240226;100009;159.79;60;9696794049;S
20240226;100009;159.79;10;9696794050;S
20240226;100009;159.79;10;9696794053;S
20240226;100009;159.79;10;9696794064;S
20240226;100009;159.8;10;9696794070;B
20240226;100009;159.8;10;9696794074;B
20240226;100009;159.79;10;9696794081;S
20240226;100009;159.8;10;9696794083;B
20240226;100009;159.8;10;9696794125;B
20240226;100009;159.79;50;9696794210;S
20240226;100010;159.8;10;9696794571;B
20240226;100010;159.8;60;9696794838;B
20240226;100010;159.8;90;9696794909;B
20240226;100010;159.79;650;9696794955;S
20240226;100010;159.79;850;9696794956;S
20240226;100010;159.8;10;9696794992;B
20240226;100010;159.8;40;9696795043;B
20240226;100010;159.8;10;9696795044;B
20240226;100010;159.79;10;9696795046;S
20240226;100010;159.8;10;9696795055;B
20240226;100010;159.8;10;9696795056;B
20240226;100010;159.79;10;9696795057;S
20240226;100010;159.8;10;9696795066;B
20240226;100010;159.8;10;9696795067;B
20240226;100010;159.8;10;9696795068;B
20240226;100010;159.8;10;9696795069;B
20240226;100010;159.8;100;9696795073;B
20240226;100010;159.79;20;9696795080;S
20240226;100010;159.8;10;9696795081;B
20240226;100010;159.8;10;9696795084;B
20240226;100010;159.8;10;9696795090;B
20240226;100010;159.8;10;9696795092;B
20240226;100010;159.8;10;9696795094;B
20240226;100010;159.79;20;9696795095;S
20240226;100010;159.8;10;9696795107;B
20240226;100010;159.8;10;9696795109;B
20240226;100010;159.8;10;9696795112;B
20240226;100010;159.8;10;9696795117;B
20240226;100010;159.79;10;9696795119;S
20240226;100010;159.79;10;9696795121;S
20240226;100010;159.8;10;9696795126;B
20240226;100010;159.79;10;9696795127;S
20240226;100010;159.79;10;9696795131;S
20240226;100010;159.8;30;9696795171;B
20240226;100010;159.8;110;9696795306;B
20240226;100010;159.8;80;9696795315;B
20240226;100010;159.8;420;9696795380;B
20240226;100010;159.79;50;9696795409;S
20240226;100010;159.79;60;9696795410;S
20240226;100010;159.79;100;9696795525;S
20240226;100010;159.8;7020;9696795559;B
20240226;100010;159.8;50;9696795560;B
20240226;100010;159.8;60;9696795561;B
20240226;100010;159.8;1800;9696795562;B
20240226;100010;159.79;30;9696795762;S
20240226;100010;159.8;20;9696795770;B
20240226;100010;159.8;10;9696795962;B
20240226;100010;159.8;500;9696795986;B
20240226;100010;159.79;40;9696795996;S
20240226;100010;159.8;80;9696796025;B
20240226;100010;159.79;20;9696796039;S
20240226;100010;159.79;10;9696796215;S
20240226;100010;159.8;70;9696796270;B
20240226;100010;159.79;100;9696796308;S
20240226;100010;159.8;30;9696796393;B
20240226;100010;159.8;490;9696796436;B
20240226;100010;159.8;130;9696796437;B
20240226;100010;159.79;10;9696796480;S
20240226;100010;159.79;630;9696796572;S
20240226;100010;159.79;560;9696796573;S
20240226;100011;159.8;270;9696796834;B
20240226;100011;159.8;80;9696796835;B
20240226;100011;159.8;10;9696796844;B
20240226;100011;159.8;10;9696796878;B
20240226;100011;159.8;30;9696796937;B
20240226;100011;159.8;10;9696796973;B
20240226;100011;159.79;20;9696796974;S
20240226;100011;159.8;10;9696796976;B
20240226;100011;159.8;10;9696796978;B
20240226;100011;159.8;10;9696796987;B
20240226;100011;159.79;10;9696796990;S
20240226;100011;159.79;250;9696796992;S
20240226;100011;159.8;10;9696796993;B
20240226;100011;159.79;10;9696796994;S
20240226;100011;159.8;10;9696796997;B
20240226;100011;159.8;10;9696796999;B
20240226;100011;159.79;10;9696797003;S
20240226;100011;159.8;10;9696797007;B
20240226;100011;159.8;20;9696797008;B
20240226;100011;159.8;10;9696797010;B
20240226;100011;159.79;10;9696797011;S
20240226;100011;159.8;10;9696797013;B
20240226;100011;159.8;70;9696797015;B
20240226;100011;159.8;10;9696797020;B
20240226;100011;159.8;10;9696797021;B
20240226;100011;159.8;20;9696797022;B
20240226;100011;159.8;10;9696797023;B
20240226;100011;159.8;10;9696797026;B
20240226;100011;159.8;10;9696797029;B
20240226;100011;159.79;130;9696797160;S
20240226;100011;159.79;290;9696797221;S
20240226;100011;159.79;10;9696797233;S
20240226;100011;159.8;10;9696797339;B
20240226;100011;159.8;400;9696797340;B
20240226;100011;159.8;90;9696797341;B
20240226;100011;159.8;10;9696797383;B
20240226;100011;159.8;40;9696797384;B
20240226;100011;159.8;10;9696797403;B
20240226;100011;159.8;160;9696797495;B
20240226;100011;159.79;700;9696797603;S
20240226;100011;159.79;20;9696797604;S
20240226;100011;159.79;670;9696797605;S
20240226;100011;159.8;10;9696797653;B
20240226;100011;159.79;10;9696797762;S
20240226;100011;159.8;10;9696797999;B
20240226;100011;159.8;10;9696798002;B
20240226;100011;159.8;10;9696798004;B
20240226;100011;159.8;10;9696798010;B
20240226;100011;159.8;10;9696798012;B
20240226;100011;159.8;10;9696798039;B
20240226;100011;159.8;20;9696798045;B
20240226;100011;159.8;10;9696798046;B
20240226;100011;159.8;40;9696798048;B
20240226;100011;159.8;90;9696798052;B
20240226;100011;159.8;10;9696798056;B
20240226;100011;159.8;50;9696798059;B
20240226;100011;159.8;100;9696798060;B
20240226;100011;159.8;300;9696798061;B
20240226;100011;159.8;180;9696798062;B
20240226;100011;159.8;10;9696798065;B
20240226;100011;159.8;60;9696798070;B
20240226;100011;159.8;10;9696798073;B
20240226;100011;159.8;10;9696798075;B
20240226;100011;159.79;10;9696798080;S
20240226;100011;159.8;20;9696798081;B
20240226;100011;159.79;10;9696798085;S
20240226;100011;159.8;10;9696798089;B
20240226;100011;159.79;30;9696798092;S
20240226;100011;159.8;10;9696798096;B
20240226;100011;159.8;10;9696798101;B
20240226;100011;159.79;10;9696798102;S
20240226;100011;159.79;10;9696798106;S
20240226;100011;159.8;10;9696798109;B
20240226;100011;159.79;10;9696798111;S
20240226;100011;159.8;10;9696798119;B
20240226;100011;159.79;10;9696798121;S
20240226;100011;159.8;20;9696798127;B
20240226;100011;159.8;10;9696798130;B
20240226;100011;159.8;30;9696798180;B
20240226;100011;159.8;1000;9696798181;B
20240226;100011;159.8;2100;9696798182;B
20240226;100011;159.8;240;9696798183;B
20240226;100011;159.8;300;9696798184;B
20240226;100011;159.8;300;9696798185;B
20240226;100011;159.8;300;9696798186;B
20240226;100011;159.8;500;9696798187;B
20240226;100011;159.8;400;9696798188;B
20240226;100011;159.8;500;9696798189;B
20240226;100011;159.8;300;9696798190;B
20240226;100011;159.8;300;9696798191;B
20240226;100011;159.8;700;9696798192;B
20240226;100011;159.8;100;9696798193;B
20240226;100011;159.8;450;9696798194;B
20240226;100011;159.8;100;9696798195;B
20240226;100011;159.8;300;9696798196;B
20240226;100011;159.8;300;9696798197;B
20240226;100011;159.8;300;9696798198;B
20240226;100011;159.8;100;9696798199;B
20240226;100011;159.8;300;9696798200;B
20240226;100011;159.81;50;9696798362;B
20240226;100011;159.81;20;9696798363;B
20240226;100011;159.81;10;9696798406;B
20240226;100011;159.81;240;9696798407;B
20240226;100011;159.82;10;9696798449;B
20240226;100011;159.81;100;9696798493;S
20240226;100012;159.81;300;9696798506;S
20240226;100012;159.81;100;9696798507;S
20240226;100012;159.82;20;9696798569;B
20240226;100012;159.82;50;9696798637;B
20240226;100012;159.82;60;9696798638;B
20240226;100012;159.82;10;9696798742;B
20240226;100012;159.82;10;9696798747;B
20240226;100012;159.81;330;9696798883;S
20240226;100012;159.82;10;9696798895;B
20240226;100012;159.82;10;9696798897;B
20240226;100012;159.82;10;9696798898;B
20240226;100012;159.82;100;9696798903;B
20240226;100012;159.82;10;9696798906;B
20240226;100012;159.82;10;9696798907;B
20240226;100012;159.82;10;9696798908;B
20240226;100012;159.81;10;9696798909;S
20240226;100012;159.82;10;9696798910;B
20240226;100012;159.81;10;9696798911;S
20240226;100012;159.81;10;9696798915;S
20240226;100012;159.82;100;9696798918;B
20240226;100012;159.82;100;9696798919;B
20240226;100012;159.82;10;9696798922;B
20240226;100012;159.81;100;9696798944;S
20240226;100012;159.82;140;9696799009;B
20240226;100012;159.82;240;9696799010;B
20240226;100012;159.83;50;9696799011;B
20240226;100012;159.83;30;9696799012;B
20240226;100012;159.83;240;9696799013;B
20240226;100012;159.83;10;9696799014;B
20240226;100012;159.83;790;9696799015;B
20240226;100012;159.83;10;9696799051;B
20240226;100012;159.82;10;9696799052;S
20240226;100012;159.83;10;9696799053;B
20240226;100012;159.82;10;9696799056;S
20240226;100012;159.83;10;9696799058;B
20240226;100012;159.83;10;9696799062;B
20240226;100012;159.83;10;9696799064;B
20240226;100012;159.83;10;9696799067;B
20240226;100012;159.82;10;9696799068;S
20240226;100012;159.83;10;9696799069;B
20240226;100012;159.83;10;9696799071;B
20240226;100012;159.83;10;9696799073;B
20240226;100012;159.83;10;9696799074;B
20240226;100012;159.83;150;9696799077;B
20240226;100012;159.82;10;9696799078;S
20240226;100012;159.83;20;9696799080;B
20240226;100012;159.83;10;9696799081;B
20240226;100012;159.83;10;9696799086;B
20240226;100012;159.83;10;9696799117;B
20240226;100012;159.83;10;9696799141;B
20240226;100012;159.82;10;9696799160;S
20240226;100012;159.83;10;9696799199;B
20240226;100012;159.83;140;9696799217;B
20240226;100012;159.83;10;9696799224;B
20240226;100012;159.82;10;9696799233;S
20240226;100012;159.82;10;9696799250;S
20240226;100012;159.83;10;9696799259;B
20240226;100012;159.83;10;9696799272;B
20240226;100012;159.83;30;9696799294;B
20240226;100012;159.83;30;9696799325;B
20240226;100012;159.83;10;9696799332;B
20240226;100012;159.83;10;9696799357;B
20240226;100012;159.82;230;9696799366;S
20240226;100012;159.82;1000;9696799367;S
20240226;100012;159.82;280;9696799368;S
20240226;100012;159.83;10;9696799370;B
20240226;100012;159.82;50;9696799394;S
20240226;100012;159.83;10;9696799427;B
20240226;100012;159.83;10;9696799430;B
20240226;100012;159.83;10;9696799439;B
20240226;100012;159.83;10;9696799445;B
20240226;100012;159.83;10;9696799448;B
20240226;100012;159.83;10;9696799449;B
20240226;100012;159.83;10;9696799453;B
20240226;100012;159.83;10;9696799461;B
20240226;100012;159.83;10;9696799464;B
20240226;100012;159.83;50;9696799469;B
20240226;100012;159.83;10;9696799475;B
20240226;100012;159.83;10;9696799478;B
20240226;100012;159.83;10;9696799479;B
20240226;100012;159.82;10;9696799484;S
20240226;100012;159.83;10;9696799486;B
20240226;100012;159.83;10;9696799489;B
20240226;100012;159.83;10;9696799496;B
20240226;100012;159.82;20;9696799501;S
20240226;100012;159.83;10;9696799506;B
20240226;100012;159.83;10;9696799510;B
20240226;100012;159.82;10;9696799516;S
20240226;100012;159.83;10;9696799520;B
20240226;100012;159.82;100;9696799523;S
20240226;100012;159.83;10;9696799528;B
20240226;100012;159.83;10;9696799533;B
20240226;100012;159.83;10;9696799581;B
20240226;100012;159.83;10;9696799628;B
20240226;100012;159.83;10;9696799687;B
20240226;100012;159.83;10;9696799748;B
20240226;100012;159.83;10;9696799912;B
20240226;100012;159.82;100;9696799920;S
20240226;100012;159.83;30;9696799933;B
20240226;100012;159.83;10;9696799939;B
20240226;100012;159.83;10;9696799956;B
20240226;100012;159.83;10;9696799958;B
20240226;100012;159.82;100;9696799965;S
20240226;100012;159.83;20;9696799966;B
20240226;100012;159.83;10;9696799970;B
20240226;100012;159.83;10;9696799973;B
20240226;100012;159.83;50;9696799981;B
20240226;100012;159.83;10;9696799986;B
20240226;100012;159.82;10;9696799997;S
20240226;100012;159.82;10;9696800004;S
20240226;100012;159.83;20;9696800008;B
20240226;100012;159.83;10;9696800010;B
20240226;100012;159.83;10;9696800018;B
20240226;100012;159.82;10;9696800023;S
20240226;100012;159.83;10;9696800025;B
20240226;100012;159.83;10;9696800036;B
20240226;100012;159.83;10;9696800040;B
20240226;100012;159.83;10;9696800049;B
20240226;100012;159.83;10;9696800051;B
20240226;100012;159.83;10;9696800053;B
20240226;100012;159.83;10;9696800069;B
20240226;100012;159.83;100;9696800185;B
20240226;100012;159.83;500;9696800295;B
20240226;100012;159.82;10;9696800341;S
20240226;100012;159.82;100;9696800342;S
20240226;100012;159.83;10;9696800470;B
20240226;100012;159.82;30;9696800478;S
20240226;100012;159.83;10;9696801083;B
20240226;100012;159.83;10;9696801084;B
20240226;100012;159.82;10;9696801085;S
20240226;100012;159.83;30;9696801086;B
20240226;100012;159.82;20;9696801088;S
20240226;100012;159.83;10;9696801089;B
20240226;100012;159.83;10;9696801090;B
20240226;100012;159.83;10;9696801091;B
20240226;100012;159.83;10;9696801092;B
20240226;100012;159.82;10;9696801093;S
20240226;100012;159.82;20;9696801099;S
20240226;100012;159.82;40;9696801101;S
20240226;100012;159.83;10;9696801102;B
20240226;100012;159.83;10;9696801104;B
20240226;100012;159.83;10;9696801106;B
20240226;100012;159.82;10;9696801107;S
20240226;100012;159.83;10;9696801109;B
20240226;100012;159.83;10;9696801110;B
20240226;100012;159.83;50;9696801111;B
20240226;100012;159.83;10;9696801113;B
20240226;100012;159.83;10;9696801114;B
20240226;100012;159.83;10;9696801119;B
20240226;100012;159.83;10;9696801121;B
20240226;100012;159.83;10;9696801125;B
20240226;100012;159.83;630;9696801128;B
20240226;100012;159.83;10;9696801129;B
20240226;100012;159.83;10;9696801132;B
20240226;100013;159.83;50;9696801295;B
20240226;100013;159.82;50;9696801321;S
20240226;100013;159.82;450;9696801322;S
20240226;100013;159.82;100;9696801325;S
20240226;100013;159.83;20;9696801376;B
20240226;100013;159.83;60;9696801441;B
20240226;100013;159.83;10;9696801593;B
20240226;100013;159.83;20;9696801595;B
20240226;100013;159.83;10;9696801596;B
20240226;100013;159.83;10;9696801597;B
20240226;100013;159.83;10;9696801599;B
20240226;100013;159.83;10;9696801603;B
20240226;100013;159.83;10;9696801604;B
20240226;100013;159.83;10;9696801609;B
20240226;100013;159.83;10;9696801611;B
20240226;100013;159.83;10;9696801615;B
20240226;100013;159.83;10;9696801618;B
20240226;100013;159.82;10;9696801621;S
20240226;100013;159.83;10;9696801623;B
20240226;100013;159.83;10;9696801628;B
20240226;100013;159.83;970;9696801632;B
20240226;100013;159.83;240;9696801633;B
20240226;100013;159.83;100;9696801634;B
20240226;100013;159.83;1600;9696801635;B
20240226;100013;159.83;100;9696801636;B
20240226;100013;159.84;140;9696801637;B
20240226;100013;159.84;10;9696801638;B
20240226;100013;159.82;20;9696801639;S
20240226;100013;159.82;10;9696801640;S
20240226;100013;159.83;10;9696801641;B
20240226;100013;159.83;10;9696801642;B
20240226;100013;159.83;220;9696801643;B
20240226;100013;159.84;10;9696801644;B
20240226;100013;159.83;70;9696801645;S
20240226;100013;159.83;10;9696801646;S
20240226;100013;159.83;60;9696801647;S
20240226;100013;159.83;30;9696801649;S
20240226;100013;159.83;10;9696801650;S
20240226;100013;159.84;10;9696801652;B
20240226;100013;159.83;40;9696801653;S
20240226;100013;159.82;110;9696801654;S
20240226;100013;159.82;40;9696801660;S
20240226;100013;159.83;240;9696801666;B
20240226;100013;159.83;30;9696802051;S
20240226;100013;159.84;90;9696802273;B
20240226;100014;159.84;320;9696802465;B
20240226;100014;159.83;100;9696802499;S
20240226;100014;159.84;70;9696802516;B
20240226;100014;159.84;1910;9696802600;B
20240226;100014;159.83;40;9696802768;S
20240226;100014;159.83;10;9696802847;S
20240226;100014;159.83;10;9696802906;S
20240226;100014;159.84;260;9696802949;B
20240226;100014;159.83;500;9696802981;S
20240226;100014;159.83;70;9696803038;S
20240226;100014;159.83;30;9696803039;S
20240226;100014;159.83;200;9696803040;S
20240226;100014;159.84;10;9696803046;B
20240226;100014;159.84;10;9696803047;B
20240226;100014;159.83;10;9696803053;S
20240226;100014;159.84;20;9696803056;B
20240226;100014;159.83;20;9696803060;S
20240226;100014;159.84;20;9696803062;B
20240226;100014;159.84;10;9696803066;B
20240226;100014;159.84;40;9696803067;B
20240226;100014;159.84;10;9696803077;B
20240226;100014;159.84;10;9696803081;B
20240226;100014;159.83;10;9696803082;S
20240226;100014;159.84;50;9696803085;B
20240226;100014;159.84;10;9696803088;B
20240226;100014;159.84;10;9696803091;B
20240226;100014;159.84;10;9696803092;B
20240226;100014;159.84;40;9696803095;B
20240226;100014;159.84;10;9696803096;B
20240226;100014;159.83;10;9696803100;S
20240226;100014;159.83;10;9696803109;S
20240226;100014;159.84;10;9696803111;B
20240226;100014;159.84;10;9696803116;B
20240226;100014;159.84;10;9696803118;B
20240226;100014;159.84;20;9696803121;B
20240226;100014;159.84;10;9696803124;B
20240226;100014;159.84;10;9696803127;B
20240226;100014;159.83;10;9696803128;S
20240226;100014;159.84;10;9696803130;B
20240226;100014;159.84;10;9696803133;B
20240226;100014;159.83;10;9696803134;S
20240226;100014;159.83;10;9696803237;S
20240226;100014;159.84;80;9696803295;B
20240226;100014;159.83;100;9696803297;S
20240226;100014;159.84;100;9696803369;B
20240226;100014;159.83;500;9696803418;S
20240226;100014;159.83;20;9696803535;S
20240226;100014;159.84;10;9696803575;B
20240226;100014;159.84;30;9696803654;B
20240226;100015;159.84;70;9696804078;B
20240226;100015;159.84;100;9696804190;B
20240226;100015;159.84;10;9696804333;B
20240226;100015;159.84;40;9696804404;B
20240226;100015;159.84;890;9696804413;B
20240226;100015;159.84;10;9696804432;B
20240226;100015;159.84;1500;9696804433;B
20240226;100015;159.84;10;9696804434;B
20240226;100015;159.84;10;9696804435;B
20240226;100015;159.84;20;9696804436;B
20240226;100015;159.84;10;9696804437;B
20240226;100015;159.84;10;9696804438;B
20240226;100015;159.84;1000;9696804442;B
20240226;100015;159.84;10;9696804444;B
20240226;100015;159.84;10;9696804445;B
20240226;100015;159.84;10;9696804446;B
20240226;100015;159.84;100;9696804447;B
20240226;100015;159.84;20;9696804448;B
20240226;100015;159.84;10;9696804449;B
20240226;100015;159.84;10;9696804454;B
20240226;100015;159.84;10;9696804457;B
20240226;100015;159.84;10;9696804458;B
20240226;100015;159.84;100;9696804459;B
20240226;100015;159.84;10;9696804460;B
20240226;100015;159.83;10;9696804461;S
20240226;100015;159.84;10;9696804462;B
20240226;100015;159.84;10;9696804463;B
20240226;100015;159.84;10;9696804466;B
20240226;100015;159.83;20;9696804468;S
20240226;100015;159.84;10;9696804469;B
20240226;100015;159.84;20;9696804470;B
20240226;100015;159.83;30;9696804471;S
20240226;100015;159.83;70;9696804472;S
20240226;100015;159.84;200;9696804482;B
20240226;100015;159.84;120;9696804529;B
20240226;100015;159.83;300;9696804611;S
20240226;100015;159.83;100;9696804959;S
20240226;100015;159.83;10;9696804964;S
20240226;100015;159.84;1000;9696804985;B
20240226;100015;159.83;10;9696805027;S
20240226;100015;159.83;10;9696805114;S
20240226;100015;159.84;70;9696805159;B
20240226;100016;159.83;10;9696805274;S
20240226;100016;159.83;490;9696805374;S
20240226;100016;159.83;1000;9696805375;S
20240226;100016;159.83;1000;9696805376;S
20240226;100016;159.83;1000;9696805377;S
20240226;100016;159.82;260;9696805378;S
20240226;100016;159.82;1000;9696805379;S
20240226;100016;159.82;1000;9696805380;S
20240226;100016;159.82;250;9696805381;S
20240226;100016;159.84;110;9696805487;B
20240226;100016;159.83;10;9696805506;S
20240226;100016;159.84;190;9696805555;B
20240226;100016;159.84;70;9696805782;B
20240226;100016;159.84;10;9696805824;B
20240226;100016;159.84;10;9696805825;B
20240226;100016;159.84;10;9696805826;B
20240226;100016;159.83;10;9696805828;S
20240226;100016;159.84;10;9696805829;B
20240226;100016;159.84;10;9696805830;B
20240226;100016;159.84;10;9696805831;B
20240226;100016;159.83;10;9696805834;S
20240226;100016;159.84;10;9696805835;B
20240226;100016;159.83;50;9696805836;S
20240226;100016;159.84;10;9696805840;B
20240226;100016;159.83;10;9696805841;S
20240226;100016;159.84;90;9696805842;B
20240226;100016;159.84;10;9696805843;B
20240226;100016;159.84;10;9696805845;B
20240226;100016;159.84;10;9696805846;B
20240226;100016;159.84;10;9696805847;B
20240226;100016;159.83;10;9696805851;S
20240226;100016;159.83;10;9696805852;S
20240226;100016;159.83;10;9696805853;S
20240226;100016;159.84;10;9696805854;B
20240226;100016;159.83;20;9696805855;S
20240226;100016;159.83;10;9696805893;S
20240226;100016;159.83;10;9696805974;S
20240226;100016;159.84;820;9696805984;B
20240226;100016;159.84;1640;9696806078;B
20240226;100016;159.84;20;9696806101;B
20240226;100016;159.84;10;9696806108;B
20240226;100016;159.83;40;9696806222;S
20240226;100016;159.82;160;9696806223;S
20240226;100016;159.83;240;9696806239;B
20240226;100016;159.84;120;9696806240;B
20240226;100016;159.82;10;9696806292;S
20240226;100016;159.83;10;9696806517;B
20240226;100017;159.82;500;9696806622;S
20240226;100017;159.83;70;9696807055;B
20240226;100017;159.82;10;9696807058;S
20240226;100017;159.83;1820;9696807085;B
20240226;100017;159.83;500;9696807086;B
20240226;100017;159.83;200;9696807087;B
20240226;100017;159.83;500;9696807088;B
20240226;100017;159.83;100;9696807089;B
20240226;100017;159.83;200;9696807090;B
20240226;100017;159.84;680;9696807091;B
20240226;100017;159.83;50;9696807480;B
20240226;100017;159.83;10;9696807531;B
20240226;100017;159.83;1840;9696807551;B
20240226;100017;159.84;10;9696807559;B
20240226;100017;159.83;260;9696807635;S
20240226;100017;159.84;10;9696807676;B
20240226;100017;159.84;20;9696807688;B
20240226;100017;159.84;1500;9696807695;B
20240226;100017;159.84;20;9696807698;B
20240226;100017;159.83;280;9696807710;S
20240226;100017;159.84;10;9696807723;B
20240226;100017;159.84;730;9696807724;B
20240226;100017;159.84;50;9696807725;B
20240226;100017;159.84;10;9696807726;B
20240226;100017;159.84;30;9696807736;B
20240226;100017;159.84;10;9696807749;B
20240226;100017;159.83;10;9696807768;S
20240226;100017;159.84;20;9696807791;B
20240226;100017;159.84;10;9696807805;B
20240226;100017;159.84;10;9696807814;B
20240226;100017;159.84;10;9696807819;B
20240226;100017;159.83;10;9696807820;S
20240226;100017;159.84;10;9696807821;B
20240226;100017;159.83;10;9696807829;S
20240226;100017;159.84;10;9696807836;B
20240226;100017;159.84;10;9696807840;B
20240226;100017;159.84;10;9696807845;B
20240226;100017;159.84;50;9696807850;B
20240226;100017;159.84;10;9696807889;B
20240226;100017;159.84;10;9696807905;B
20240226;100017;159.83;20;9696807967;S
20240226;100017;159.84;10;9696807972;B
20240226;100017;159.84;10;9696807978;B
20240226;100017;159.83;10;9696807984;S
20240226;100017;159.84;80;9696807997;B
20240226;100017;159.84;20;9696807998;B
20240226;100017;159.84;10;9696808089;B
20240226;100017;159.84;10;9696808099;B
20240226;100017;159.84;10;9696808101;B
20240226;100017;159.83;10;9696808110;S
20240226;100017;159.84;10;9696808118;B
20240226;100017;159.83;50;9696808124;S
20240226;100017;159.84;10;9696808128;B
20240226;100017;159.84;200;9696808140;B
20240226;100017;159.83;20;9696808146;S
20240226;100017;159.83;480;9696808149;S
20240226;100017;159.82;70;9696808150;S
20240226;100017;159.82;230;9696808151;S
20240226;100017;159.8;6080;9696808152;S
20240226;100017;159.79;310;9696808153;S
20240226;100017;159.78;300;9696808154;S
20240226;100017;159.77;610;9696808155;S
20240226;100017;159.77;2180;9696808156;S
20240226;100017;159.74;100;9696808157;S
20240226;100017;159.71;8000;9696808158;S
20240226;100017;159.71;8000;9696808159;S
20240226;100017;159.7;50;9696808160;S
20240226;100017;159.69;310;9696808161;S
20240226;100017;159.68;240;9696808162;S
20240226;100017;159.68;3000;9696808163;S
20240226;100017;159.67;240;9696808164;S
20240226;100017;159.66;240;9696808165;S
20240226;100017;159.65;240;9696808166;S
20240226;100017;159.64;240;9696808167;S
20240226;100017;159.63;240;9696808168;S
20240226;100017;159.63;6000;9696808169;S
20240226;100017;159.61;240;9696808175;S
20240226;100017;159.6;240;9696808176;S
20240226;100017;159.6;200;9696808177;S
20240226;100017;159.59;240;9696808178;S
20240226;100017;159.58;10;9696808179;S
20240226;100017;159.52;240;9696808180;S
20240226;100017;159.43;300;9696808183;B
20240226;100017;159.43;2180;9696808184;B
20240226;100017;159.43;8000;9696808185;B
20240226;100017;159.43;240;9696808186;B
20240226;100017;159.43;240;9696808187;B
20240226;100017;159.43;240;9696808188;B
20240226;100017;159.43;240;9696808189;B
20240226;100017;159.43;240;9696808190;B
20240226;100017;159.43;240;9696808191;B
20240226;100017;159.43;16000;9696808193;B
20240226;100017;159.4;1000;9696808197;S
20240226;100017;159.4;200;9696808198;S
20240226;100017;159.4;100;9696808199;S
20240226;100017;159.4;200;9696808200;S
20240226;100017;159.43;900;9696808236;B
20240226;100017;159.41;240;9696808237;S
20240226;100017;159.4;240;9696808238;S
20240226;100017;159.4;300;9696808244;B
20240226;100017;159.4;1460;9696808246;B
20240226;100018;159.41;240;9696808247;B
20240226;100018;159.37;80;9696808433;B
20240226;100018;159.37;70;9696808700;B
20240226;100018;159.37;70;9696808885;B
20240226;100018;159.37;320;9696808892;B
20240226;100018;159.37;70;9696808901;B
20240226;100018;159.36;10;9696809104;S
20240226;100018;159.37;10;9696809107;B
20240226;100018;159.37;10;9696809109;B
20240226;100018;159.37;90;9696809110;B
20240226;100018;159.37;10;9696809111;B
20240226;100018;159.37;10;9696809112;B
20240226;100018;159.37;10;9696809118;B
20240226;100018;159.37;10;9696809119;B
20240226;100018;159.37;10;9696809120;B
20240226;100018;159.37;10;9696809121;B
20240226;100018;159.37;10;9696809123;B
20240226;100018;159.36;10;9696809124;S
20240226;100018;159.36;10;9696809128;S
20240226;100018;159.36;10;9696809129;S
20240226;100018;159.37;10;9696809130;B
20240226;100018;159.36;100;9696809133;S
20240226;100018;159.37;10;9696809137;B
20240226;100018;159.37;30;9696809140;B
20240226;100018;159.37;10;9696809141;B
20240226;100018;159.37;10;9696809144;B
20240226;100018;159.37;30;9696809145;B
20240226;100018;159.36;20;9696809146;S
20240226;100018;159.36;10;9696809147;S
20240226;100018;159.37;10;9696809149;B
20240226;100018;159.37;10;9696809151;B
20240226;100018;159.37;70;9696809189;B
20240226;100018;159.37;70;9696809318;B
20240226;100018;159.37;70;9696809396;B
20240226;100018;159.36;10;9696809415;S
20240226;100019;159.37;160;9696809439;B
20240226;100019;159.36;20;9696809444;S
20240226;100019;159.37;500;9696809474;B
20240226;100019;159.37;110;9696809530;B
20240226;100019;159.37;10;9696809596;B
20240226;100019;159.37;80;9696809643;B
20240226;100019;159.36;70;9696809681;S
20240226;100019;159.37;130;9696809785;B
20240226;100019;159.37;10;9696809823;B
20240226;100019;159.37;300;9696809824;B
20240226;100019;159.37;100;9696809850;B
20240226;100019;159.37;100;9696809857;B
20240226;100019;159.37;230;9696809858;B
20240226;100019;159.37;500;9696809859;B
20240226;100019;159.37;170;9696809860;B
20240226;100019;159.37;10;9696809938;B
20240226;100019;159.37;20;9696810032;B
20240226;100019;159.37;50;9696810033;B
20240226;100019;159.37;50;9696810078;B
20240226;100019;159.37;100;9696810243;B
20240226;100020;159.37;70;9696810401;B
20240226;100020;159.37;130;9696810431;B
20240226;100020;159.37;140;9696810503;B
20240226;100020;159.37;400;9696810621;B
20240226;100020;159.37;60;9696810624;B
20240226;100020;159.37;200;9696810625;B
20240226;100020;159.37;700;9696810626;B
20240226;100020;159.37;200;9696810627;B
20240226;100020;159.37;300;9696810628;B
20240226;100020;159.37;500;9696810629;B
20240226;100020;159.37;300;9696810630;B
20240226;100020;159.37;500;9696810631;B
20240226;100020;159.37;240;9696810632;B
20240226;100020;159.37;60;9696810634;B
20240226;100020;159.41;40;9696810786;B
20240226;100020;159.43;30;9696810787;B
20240226;100021;159.43;100;9696810841;B
20240226;100021;159.43;700;9696810842;B
20240226;100021;159.43;40;9696810843;B
20240226;100021;159.43;100;9696810845;B
20240226;100021;159.43;100;9696810847;B
20240226;100021;159.43;100;9696810849;B
20240226;100021;159.43;100;9696810855;B
20240226;100021;159.43;700;9696810859;B
20240226;100021;159.43;100;9696810861;B
20240226;100021;159.43;100;9696810870;B
20240226;100021;159.43;300;9696810871;B
20240226;100021;159.43;100;9696810872;B
20240226;100021;159.43;200;9696810969;B
20240226;100022;159.43;100;9696812041;B
20240226;100022;159.43;1550;9696812048;B
20240226;100022;159.43;180;9696812299;B
20240226;100022;159.36;10;9696812408;S
20240226;100023;159.36;290;9696812636;S
20240226;100023;159.36;1860;9696812637;S
20240226;100023;159.42;50;9696812702;B
20240226;100023;159.42;40;9696812874;B
20240226;100023;159.42;210;9696812920;B
20240226;100023;159.43;480;9696812921;B
20240226;100023;159.42;10;9696812923;B
20240226;100023;159.42;290;9696813013;B
20240226;100024;159.43;90;9696813619;B
20240226;100024;159.43;830;9696813665;B
20240226;100024;159.43;450;9696813672;B
20240226;100024;159.43;780;9696813679;B
20240226;100024;159.43;2820;9696814180;B
20240226;100025;159.43;10;9696814549;B
20240226;100025;159.43;40;9696815070;B
20240226;100025;159.38;100;9696815081;S
20240226;100026;159.4;2190;9696815671;S
20240226;100026;159.4;300;9696815672;S
20240226;100026;159.39;200;9696815673;S
20240226;100026;159.39;240;9696815674;S
20240226;100026;159.38;70;9696815688;S
20240226;100026;159.38;10;9696815691;S
20240226;100026;159.39;1720;9696815702;B
20240226;100026;159.39;20;9696816150;B
20240226;100027;159.38;2000;9696816388;S
20240226;100027;159.39;100;9696816425;B
20240226;100027;159.38;30;9696816533;S
20240226;100027;159.39;90;9696816542;B
20240226;100027;159.39;200;9696816890;B
20240226;100028;159.39;550;9696817322;B
20240226;100028;159.38;40;9696817488;S
20240226;100028;159.38;40;9696817535;S
20240226;100028;159.39;60;9696817541;B
20240226;100029;159.38;200;9696817777;S
20240226;100029;159.38;400;9696817778;S
20240226;100029;159.36;10;9696818050;S
20240226;100029;159.39;40;9696818121;B
20240226;100030;159.39;220;9696818659;B
20240226;100031;159.36;10;9696818960;S
20240226;100031;159.36;100;9696819086;S
20240226;100031;159.37;40;9696819335;B
20240226;100032;159.36;10;9696819558;S
20240226;100032;159.36;100;9696819610;S
20240226;100032;159.37;10;9696819749;B
20240226;100032;159.37;1450;9696820104;B
20240226;100033;159.38;100;9696820194;S
20240226;100033;159.39;300;9696820243;B
20240226;100033;159.38;140;9696820269;S
20240226;100033;159.37;790;9696820270;S
20240226;100033;159.39;310;9696820275;B
20240226;100034;159.36;10;9696820871;S
20240226;100034;159.36;300;9696820872;S
20240226;100034;159.36;190;9696820873;S
20240226;100034;159.39;800;9696821203;B
20240226;100035;159.39;770;9696821721;B
20240226;100036;159.39;30;9696822133;B
20240226;100036;159.38;30;9696822169;S
20240226;100036;159.39;900;9696822196;B
20240226;100036;159.39;960;9696822297;B
20240226;100036;159.4;890;9696822298;B
20240226;100036;159.4;10;9696822467;B
20240226;100037;159.4;20;9696822541;B
20240226;100037;159.4;50;9696822802;B
20240226;100037;159.4;10;9696822803;B
20240226;100037;159.39;10;9696822961;S
20240226;100038;159.39;70;9696823113;S
20240226;100038;159.39;220;9696823174;S
20240226;100038;159.39;30;9696823175;S
20240226;100038;159.4;50;9696823229;B
20240226;100039;159.4;10;9696823552;B
20240226;100039;159.4;200;9696823558;B
20240226;100039;159.39;210;9696823591;S
20240226;100039;159.39;1000;9696823592;S
20240226;100039;159.39;150;9696823593;S
20240226;100039;159.38;170;9696823594;S
20240226;100039;159.38;240;9696823595;S
20240226;100039;159.38;1000;9696823596;S
20240226;100039;159.38;200;9696823597;S
20240226;100039;159.38;1000;9696823598;S
20240226;100039;159.37;240;9696823599;S
20240226;100039;159.37;1000;9696823600;S
20240226;100039;159.37;200;9696823601;S
20240226;100039;159.37;300;9696823602;S
20240226;100039;159.36;1200;9696823603;S
20240226;100039;159.39;240;9696823661;S
20240226;100039;159.39;210;9696823662;S
20240226;100039;159.38;1000;9696823663;S
20240226;100039;159.38;50;9696823664;S
20240226;100040;159.39;10;9696823899;S
20240226;100040;159.39;40;9696823900;S
20240226;100040;159.4;220;9696824026;B
20240226;100040;159.4;10;9696824053;B
20240226;100040;159.4;110;9696824054;B
20240226;100040;159.38;50;9696824207;S
20240226;100041;159.4;10;9696824515;B
20240226;100041;159.38;100;9696824584;S
20240226;100041;159.4;300;9696824682;B
20240226;100041;159.4;100;9696824851;B
20240226;100041;159.39;10;9696824853;S
20240226;100041;159.39;240;9696824908;S
20240226;100041;159.39;260;9696824909;S
20240226;100041;159.4;80;9696824948;B
20240226;100042;159.4;50;9696825032;B
20240226;100042;159.4;2350;9696825101;B
20240226;100042;159.41;240;9696825168;S
20240226;100042;159.41;160;9696825169;S
20240226;100042;159.41;120;9696825189;S
20240226;100042;159.41;20;9696825328;S
20240226;100042;159.41;220;9696825369;S
20240226;100042;159.41;1000;9696825370;S
20240226;100042;159.41;280;9696825371;S
20240226;100042;159.4;1090;9696825372;S
20240226;100042;159.4;240;9696825373;S
20240226;100042;159.4;100;9696825374;S
20240226;100042;159.4;100;9696825375;S
20240226;100042;159.4;300;9696825376;S
20240226;100042;159.4;200;9696825377;S
20240226;100042;159.39;240;9696825378;S
20240226;100042;159.39;1000;9696825379;S
20240226;100042;159.39;40;9696825380;S
20240226;100042;159.39;200;9696825381;S
20240226;100042;159.38;90;9696825382;S
20240226;100042;159.38;1000;9696825383;S
20240226;100042;159.37;240;9696825384;S
20240226;100042;159.37;660;9696825385;S
20240226;100043;159.42;20;9696825646;B
20240226;100043;159.43;80;9696825647;B
20240226;100043;159.43;100;9696825675;B
20240226;100043;159.41;240;9696825732;S
20240226;100043;159.41;300;9696825733;S
20240226;100043;159.41;300;9696825734;S
20240226;100043;159.4;240;9696825735;S
20240226;100043;159.4;600;9696825736;S
20240226;100043;159.4;820;9696825737;S
20240226;100043;159.43;400;9696825789;B
20240226;100043;159.43;100;9696825794;B
20240226;100043;159.43;100;9696825847;B
20240226;100043;159.43;10;9696825850;B
20240226;100043;159.43;100;9696825921;B
20240226;100044;159.43;10;9696826427;B
20240226;100044;159.43;70;9696826516;B
20240226;100045;159.43;1000;9696826946;B
20240226;100045;159.43;10;9696827087;B
20240226;100045;159.43;10;9696827224;B
20240226;100046;159.43;200;9696827456;B
20240226;100046;159.42;240;9696827493;S
20240226;100046;159.42;1000;9696827494;S
20240226;100046;159.42;300;9696827495;S
20240226;100046;159.42;300;9696827496;S
20240226;100046;159.42;680;9696827497;S
20240226;100046;159.42;900;9696827751;S
20240226;100046;159.42;100;9696827752;S
20240226;100047;159.43;90;9696827990;B
20240226;100047;159.43;2400;9696827991;B
20240226;100047;159.43;100;9696828198;B
20240226;100047;159.43;5130;9696828200;B
20240226;100047;159.44;10;9696828201;B
20240226;100047;159.45;1900;9696828202;B
20240226;100047;159.46;90;9696828203;B
20240226;100047;159.46;1200;9696828204;B
20240226;100047;159.46;220;9696828205;B
20240226;100047;159.46;450;9696828206;B
20240226;100047;159.45;800;9696828250;B
20240226;100047;159.45;400;9696828253;B
20240226;100047;159.44;100;9696828255;B
20240226;100047;159.44;500;9696828257;B
20240226;100047;159.44;10;9696828259;B
20240226;100047;159.44;290;9696828285;B
20240226;100047;159.41;240;9696828295;S
20240226;100047;159.4;60;9696828296;S
20240226;100048;159.45;30;9696828509;B
20240226;100048;159.47;10;9696828690;B
20240226;100048;159.4;180;9696828800;S
20240226;100048;159.4;1000;9696828801;S
20240226;100048;159.4;20;9696828802;S
20240226;100048;159.42;240;9696828893;S
20240226;100048;159.41;1000;9696828894;S
20240226;100048;159.41;240;9696828895;S
20240226;100048;159.41;20;9696828896;S
20240226;100048;159.42;240;9696828920;S
20240226;100048;159.41;160;9696828921;S
20240226;100048;159.46;10;9696828971;B
20240226;100049;159.44;50;9696829194;S
20240226;100049;159.45;10;9696829306;B
20240226;100049;159.46;100;9696829307;B
20240226;100050;159.46;10;9696829860;B
20240226;100050;159.44;20;9696829933;S
20240226;100051;159.46;300;9696830009;B
20240226;100051;159.47;990;9696830010;B
20240226;100051;159.49;540;9696830011;B
20240226;100051;159.49;2190;9696830012;B
20240226;100051;159.5;1000;9696830013;B
20240226;100051;159.5;12810;9696830014;B
20240226;100051;159.51;1000;9696830015;B
20240226;100051;159.52;1000;9696830016;B
20240226;100051;159.52;2000;9696830017;B
20240226;100051;159.53;1000;9696830018;B
20240226;100051;159.54;1000;9696830019;B
20240226;100051;159.54;1570;9696830020;B
20240226;100051;159.46;10;9696830435;B
20240226;100052;159.5;300;9696830461;B
20240226;100052;159.51;1720;9696830462;B
20240226;100052;159.51;10;9696830501;B
20240226;100052;159.51;5370;9696830503;B
20240226;100052;159.52;300;9696830504;B
20240226;100052;159.54;1900;9696830505;B
20240226;100052;159.55;430;9696830506;B
20240226;100052;159.54;110;9696830813;B
20240226;100053;159.53;10;9696830952;B
20240226;100053;159.46;300;9696830954;S
20240226;100053;159.46;200;9696830955;S
20240226;100053;159.46;40;9696831027;S
20240226;100053;159.46;1360;9696831028;S
20240226;100053;159.46;10;9696831085;S
20240226;100053;159.46;100;9696831141;S
20240226;100054;159.46;500;9696831453;S
20240226;100054;159.46;20;9696831567;S
20240226;100055;159.47;200;9696831850;B
20240226;100055;159.5;100;9696831888;B
20240226;100055;159.56;300;9696831889;B
20240226;100055;159.55;10;9696831943;B
20240226;100055;159.46;200;9696832071;S
20240226;100055;159.46;1000;9696832072;S
20240226;100055;159.46;300;9696832073;S
20240226;100055;159.46;240;9696832074;S
20240226;100055;159.46;1000;9696832075;S
20240226;100055;159.46;220;9696832076;S
20240226;100055;159.52;50;9696832139;B
20240226;100055;159.52;50;9696832156;B
20240226;100055;159.55;40;9696832157;B
20240226;100055;159.55;90;9696832327;B
20240226;100056;159.55;120;9696832618;B
20240226;100056;159.55;10;9696832627;B
20240226;100056;159.54;110;9696832761;S
20240226;100056;159.55;20;9696832769;B
20240226;100056;159.54;100;9696832906;S
20240226;100057;159.55;1000;9696833090;B
20240226;100057;159.54;1290;9696833442;S
20240226;100057;159.54;10;9696833443;S
20240226;100057;159.54;300;9696833444;S
20240226;100057;159.54;240;9696833445;S
20240226;100058;159.48;20;9696833490;S
20240226;100058;159.54;30;9696833507;B
20240226;100058;159.54;1500;9696833515;B
20240226;100058;159.54;20;9696833613;B
20240226;100058;159.54;300;9696833910;S
20240226;100058;159.54;240;9696833911;S
20240226;100058;159.53;240;9696833912;S
20240226;100058;159.53;100;9696833913;S
20240226;100058;159.53;200;9696833914;S
20240226;100058;159.53;100;9696833915;S
20240226;100058;159.53;200;9696833916;S
20240226;100058;159.53;100;9696833917;S
20240226;100058;159.53;200;9696833918;S
20240226;100058;159.53;200;9696833919;S
20240226;100058;159.53;200;9696833920;S
20240226;100058;159.53;240;9696833921;S
20240226;100058;159.62;100;9696833923;B
20240226;100058;159.62;100;9696833924;B
20240226;100058;159.62;100;9696833925;B
20240226;100059;159.61;100;9696834023;S
20240226;100059;159.61;200;9696834024;S
20240226;100059;159.58;300;9696834097;S
20240226;100059;159.57;170;9696834098;S
20240226;100059;159.63;20;9696834231;B
20240226;100059;159.63;800;9696834280;B
20240226;100059;159.63;20;9696834343;B
20240226;100100;159.63;2700;9696834389;B
20240226;100100;159.63;300;9696834390;B
20240226;100100;159.63;100;9696834449;B
20240226;100100;159.63;100;9696834452;B
20240226;100100;159.63;500;9696834470;B
20240226;100100;159.63;300;9696834472;B
20240226;100100;159.63;700;9696834476;B
20240226;100100;159.63;100;9696834479;B
20240226;100100;159.63;100;9696834484;B
20240226;100100;159.63;100;9696834486;B
20240226;100100;159.63;300;9696834487;B
20240226;100100;159.63;200;9696834489;B
20240226;100100;159.63;10;9696834563;B
20240226;100100;159.63;200;9696834720;B
20240226;100100;159.63;20;9696834942;B
20240226;100100;159.57;70;9696835006;S
20240226;100100;159.57;10;9696835007;S
20240226;100100;159.57;300;9696835008;S
20240226;100100;159.56;240;9696835009;S
20240226;100100;159.56;1000;9696835010;S
20240226;100100;159.55;240;9696835011;S
20240226;100100;159.55;1000;9696835012;S
20240226;100100;159.55;1000;9696835013;S
20240226;100100;159.54;240;9696835014;S
20240226;100100;159.54;1000;9696835015;S
20240226;100100;159.53;1950;9696835016;S
20240226;100100;159.53;1000;9696835017;S
20240226;100100;159.53;240;9696835018;S
20240226;100100;159.52;240;9696835019;S
20240226;100100;159.52;1000;9696835020;S
20240226;100100;159.51;240;9696835021;S
20240226;100100;159.51;230;9696835022;S
20240226;100101;159.52;10;9696835253;S
20240226;100101;159.52;30;9696835307;S
20240226;100102;159.62;320;9696835913;B
20240226;100103;159.62;80;9696836218;B
20240226;100103;159.62;1330;9696836274;B
20240226;100104;159.53;500;9696836454;S
20240226;100104;159.51;500;9696836602;S
20240226;100104;159.51;500;9696836637;S
20240226;100104;159.51;240;9696836638;S
20240226;100104;159.51;2190;9696836639;S
20240226;100104;159.5;240;9696836640;S
20240226;100104;159.5;1000;9696836641;S
20240226;100104;159.5;4130;9696836642;S
20240226;100104;159.51;580;9696836652;S
20240226;100104;159.53;400;9696836711;B
20240226;100105;159.53;10;9696837047;B
20240226;100105;159.51;420;9696837073;S
20240226;100105;159.51;130;9696837074;S
20240226;100105;159.51;10;9696837161;S
20240226;100106;159.51;100;9696837216;S
20240226;100106;159.51;380;9696837217;S
20240226;100106;159.53;590;9696837544;B
20240226;100106;159.55;40;9696837545;B
20240226;100106;159.57;370;9696837546;B
20240226;100106;159.57;500;9696837558;B
20240226;100106;159.57;10;9696837573;B
20240226;100106;159.56;100;9696837601;S
20240226;100106;159.56;240;9696837602;S
20240226;100106;159.56;300;9696837603;S
20240226;100106;159.56;300;9696837604;S
20240226;100106;159.56;60;9696837605;S
20240226;100107;159.57;100;9696837715;B
20240226;100107;159.57;40;9696837726;B
20240226;100107;159.57;480;9696837823;B
20240226;100107;159.62;300;9696837824;B
20240226;100107;159.63;220;9696837825;B
20240226;100107;159.62;40;9696837826;S
20240226;100108;159.63;6350;9696838083;B
20240226;100108;159.63;300;9696838084;B
20240226;100108;159.64;2190;9696838085;B
20240226;100108;159.67;1000;9696838086;B
20240226;100108;159.68;160;9696838087;B
20240226;100108;159.6;30;9696838112;S
20240226;100108;159.6;60;9696838320;S
20240226;100108;159.68;10;9696838355;B
20240226;100108;159.68;10;9696838427;B
20240226;100110;159.6;150;9696839008;S
20240226;100110;159.6;300;9696839009;S
20240226;100110;159.59;200;9696839010;S
20240226;100110;159.59;240;9696839011;S
20240226;100110;159.58;240;9696839012;S
20240226;100110;159.58;1000;9696839013;S
20240226;100110;159.57;240;9696839014;S
20240226;100110;159.57;1000;9696839015;S
20240226;100110;159.56;240;9696839016;S
20240226;100110;159.56;1000;9696839017;S
20240226;100110;159.55;240;9696839018;S
20240226;100110;159.55;950;9696839019;S
20240226;100110;159.57;300;9696839284;S
20240226;100110;159.57;240;9696839285;S
20240226;100110;159.56;240;9696839286;S
20240226;100110;159.56;100;9696839287;S
20240226;100111;159.63;10;9696839594;B
20240226;100111;159.56;10;9696839765;S
20240226;100112;159.6;50;9696839926;B
20240226;100112;159.63;30;9696839927;B
20240226;100112;159.56;10;9696839968;S
20240226;100112;159.63;60;9696839985;B
20240226;100112;159.66;90;9696839986;B
20240226;100112;159.64;300;9696840153;B
20240226;100112;159.65;150;9696840154;B
20240226;100112;159.56;10;9696840223;S
20240226;100113;159.59;250;9696840421;B
20240226;100113;159.56;210;9696840486;S
20240226;100113;159.56;300;9696840487;S
20240226;100113;159.55;1000;9696840488;S
20240226;100113;159.55;240;9696840489;S
20240226;100113;159.54;1000;9696840490;S
20240226;100113;159.54;240;9696840491;S
20240226;100113;159.54;300;9696840492;S
20240226;100113;159.54;40;9696840493;S
20240226;100113;159.53;1000;9696840494;S
20240226;100113;159.53;240;9696840495;S
20240226;100113;159.52;430;9696840496;S
20240226;100113;159.53;1000;9696840510;S
20240226;100113;159.53;240;9696840511;S
20240226;100113;159.52;570;9696840512;S
20240226;100113;159.52;240;9696840513;S
20240226;100113;159.52;320;9696840514;S
20240226;100113;159.52;990;9696840515;S
20240226;100113;159.51;620;9696840516;S
20240226;100113;159.51;10;9696840517;S
20240226;100113;159.51;240;9696840518;S
20240226;100113;159.5;770;9696840519;S
20240226;100114;159.59;80;9696840970;B
20240226;100114;159.51;1000;9696840978;S
20240226;100114;159.56;20;9696841089;S
20240226;100115;159.59;10;9696841141;B
20240226;100115;159.59;50;9696841246;B
20240226;100116;159.59;500;9696841645;B
20240226;100116;159.59;100;9696841662;B
20240226;100117;159.59;50;9696841968;B
20240226;100117;159.58;30;9696842069;S
20240226;100118;159.59;10;9696842290;B
20240226;100118;159.58;50;9696842441;S
20240226;100118;159.59;100;9696842484;B
20240226;100118;159.58;10;9696842495;S
20240226;100118;159.59;140;9696842531;B
20240226;100118;159.58;370;9696842537;S
20240226;100118;159.58;100;9696842566;S
20240226;100118;159.59;210;9696842575;B
20240226;100118;159.59;10;9696842576;B
20240226;100119;159.59;80;9696842715;S
20240226;100119;159.58;70;9696842716;S
20240226;100119;159.6;10;9696842763;B
20240226;100119;159.59;10;9696842921;B
20240226;100119;159.59;20;9696842942;B
20240226;100119;159.59;10;9696842990;B
20240226;100120;159.59;10;9696843298;B
20240226;100121;159.58;10;9696843586;S
20240226;100121;159.59;290;9696843776;B
20240226;100121;159.59;660;9696843777;B
20240226;100121;159.6;50;9696843778;B
20240226;100122;159.59;10;9696843932;B
20240226;100122;159.58;10;9696844056;S
20240226;100122;159.59;100;9696844197;B
20240226;100124;159.59;250;9696844679;B
20240226;100125;159.6;30;9696845107;B
20240226;100126;159.59;100;9696845248;S
20240226;100126;159.6;10;9696845265;B
20240226;100126;159.59;60;9696845382;S
20240226;100127;159.6;200;9696845609;B
20240226;100128;159.59;300;9696845907;S
20240226;100128;159.59;1000;9696845970;S
20240226;100128;159.6;20;9696846148;B
20240226;100128;159.6;30;9696846151;B
20240226;100129;159.6;350;9696846324;B
20240226;100129;159.6;90;9696846367;B
20240226;100129;159.6;1800;9696846394;B
20240226;100130;159.6;100;9696846727;B
20240226;100130;159.6;100;9696846728;B
20240226;100130;159.6;100;9696846729;B
20240226;100130;159.6;100;9696846739;B
20240226;100130;159.6;520;9696846747;B
20240226;100130;159.6;1000;9696846748;B
20240226;100130;159.6;6000;9696846749;B
20240226;100130;159.6;500;9696846750;B
20240226;100130;159.61;40;9696846771;B
20240226;100130;159.63;20;9696846773;B
20240226;100130;159.63;1000;9696846783;B
20240226;100130;159.63;80;9696846817;B
20240226;100130;159.63;40;9696846818;B
20240226;100130;159.63;200;9696846827;B
20240226;100131;159.62;200;9696846992;S
20240226;100131;159.62;100;9696846993;S
20240226;100131;159.62;300;9696846994;S
20240226;100131;159.62;200;9696846995;S
20240226;100131;159.62;100;9696846996;S
20240226;100131;159.62;2000;9696846997;S
20240226;100131;159.62;200;9696846998;S
20240226;100131;159.61;60;9696846999;S
20240226;100131;159.61;200;9696847000;S
20240226;100131;159.61;700;9696847001;S
20240226;100131;159.61;180;9696847002;S
20240226;100131;159.61;300;9696847003;S
20240226;100131;159.6;10460;9696847004;S
20240226;100131;159.63;400;9696847109;B
20240226;100131;159.61;250;9696847115;S
20240226;100131;159.6;1520;9696847116;S
20240226;100132;159.59;300;9696847166;S
20240226;100132;159.6;20;9696847342;B
20240226;100132;159.59;30;9696847611;S
20240226;100133;159.6;10;9696847774;B
20240226;100134;159.6;70;9696848093;B
20240226;100135;159.59;1500;9696848224;S
20240226;100135;159.6;30;9696848387;B
20240226;100135;159.6;40;9696848390;B
20240226;100136;159.6;10;9696848493;B
20240226;100136;159.59;1000;9696848663;S
20240226;100137;159.6;20;9696848782;B
20240226;100137;159.6;20;9696848844;B
20240226;100137;159.59;120;9696848894;S
20240226;100138;159.59;1000;9696849216;S
20240226;100138;159.6;10;9696849322;B
20240226;100138;159.59;2000;9696849384;S
20240226;100138;159.6;10;9696849401;B
20240226;100139;159.6;100;9696849723;B
20240226;100139;159.59;10;9696849769;S
20240226;100139;159.59;10;9696849885;S
20240226;100139;159.59;100;9696849886;S
20240226;100140;159.59;30;9696850038;S
20240226;100140;159.59;20;9696850096;S
20240226;100140;159.6;370;9696850288;B
20240226;100140;159.6;50;9696850289;B
20240226;100140;159.6;230;9696850290;B
20240226;100141;159.59;10;9696850615;S
20240226;100142;159.6;670;9696850787;B
20240226;100142;159.6;10;9696850788;B
20240226;100142;159.6;110;9696850789;B
20240226;100144;159.59;300;9696851457;S
20240226;100144;159.6;680;9696851525;B
20240226;100144;159.6;80;9696851649;B
20240226;100145;159.6;10;9696851673;B
20240226;100145;159.6;20;9696851803;B
20240226;100145;159.59;2000;9696851857;S
20240226;100145;159.59;10;9696851879;S
20240226;100145;159.6;100;9696851948;B
20240226;100145;159.59;10;9696851972;S
20240226;100145;159.59;500;9696851995;S
20240226;100146;159.59;40;9696852112;S
20240226;100146;159.59;1000;9696852139;S
20240226;100146;159.59;10;9696852145;S
20240226;100146;159.59;90;9696852228;S
20240226;100146;159.6;200;9696852256;B
20240226;100147;159.6;10;9696852625;B
20240226;100147;159.6;90;9696852741;B
20240226;100148;159.59;10;9696852874;S
20240226;100148;159.6;200;9696852964;B
20240226;100148;159.6;450;9696852965;B
20240226;100149;159.6;10;9696853094;B
20240226;100149;159.6;150;9696853362;B
20240226;100149;159.6;10;9696853414;B
20240226;100150;159.59;60;9696853459;S
20240226;100150;159.6;10;9696853486;B
20240226;100151;159.59;700;9696853869;S
20240226;100151;159.6;100;9696854111;B
20240226;100151;159.6;50;9696854112;B
20240226;100151;159.6;20;9696854113;B
20240226;100151;159.6;6000;9696854114;B
20240226;100151;159.6;300;9696854115;B
20240226;100151;159.6;220;9696854116;B
20240226;100151;159.63;360;9696854117;B
20240226;100151;159.64;560;9696854118;B
20240226;100151;159.65;2760;9696854119;B
20240226;100151;159.61;300;9696854143;S
20240226;100151;159.6;550;9696854144;S
20240226;100151;159.59;2900;9696854145;S
20240226;100152;159.59;30;9696854249;S
20240226;100152;159.59;50;9696854263;S
20240226;100152;159.64;150;9696854516;B
20240226;100154;159.6;100;9696855017;S
20240226;100154;159.65;90;9696855028;B
20240226;100154;159.66;60;9696855029;B
20240226;100154;159.6;630;9696855086;S
20240226;100154;159.6;3800;9696855087;S
20240226;100154;159.6;300;9696855088;S
20240226;100154;159.59;270;9696855089;S
20240226;100154;159.65;300;9696855140;B
20240226;100154;159.66;720;9696855141;B
20240226;100154;159.66;300;9696855142;B
20240226;100154;159.66;10;9696855143;B
20240226;100154;159.67;1000;9696855144;B
20240226;100154;159.68;60;9696855145;B
20240226;100154;159.68;610;9696855146;B
20240226;100155;159.6;20;9696855161;S
20240226;100155;159.6;10;9696855329;S
20240226;100155;159.67;20;9696855334;B
20240226;100155;159.66;10;9696855452;S
20240226;100155;159.61;640;9696855453;S
20240226;100155;159.6;3770;9696855454;S
20240226;100155;159.6;2190;9696855455;S
20240226;100155;159.59;18390;9696855456;S
20240226;100155;159.59;1000;9696855525;S
20240226;100156;159.59;340;9696855718;S
20240226;100156;159.6;10;9696855800;B
20240226;100157;159.59;10;9696855842;S
20240226;100158;159.6;300;9696856173;B
20240226;100158;159.6;30;9696856362;B
20240226;100159;159.6;10;9696856644;B
20240226;100159;159.59;600;9696856856;S
20240226;100201;159.6;650;9696857341;B
20240226;100201;159.6;5600;9696857342;B
20240226;100201;159.6;40;9696857403;B
20240226;100201;159.59;650;9696857463;S
20240226;100201;159.6;100;9696857489;B
20240226;100201;159.59;20;9696857550;S
20240226;100202;159.6;140;9696857871;B
20240226;100202;159.6;120;9696857912;B
20240226;100202;159.6;2000;9696857913;B
20240226;100202;159.6;20;9696857914;B
20240226;100202;159.6;10;9696857915;B
20240226;100202;159.61;300;9696857916;B
20240226;100202;159.64;10;9696857917;B
20240226;100202;159.65;1520;9696857918;B
20240226;100202;159.66;1000;9696857919;B
20240226;100202;159.67;1000;9696857920;B
20240226;100202;159.67;320;9696857921;B
20240226;100203;159.67;880;9696858007;B
20240226;100204;159.67;300;9696858473;B
20240226;100204;159.67;760;9696858474;B
20240226;100204;159.67;2190;9696858475;B
20240226;100204;159.67;50;9696858506;S
20240226;100204;159.67;10;9696858538;S
20240226;100204;159.67;10;9696858619;S
20240226;100204;159.67;13150;9696858674;S
20240226;100204;159.6;1080;9696858675;S
20240226;100204;159.6;2500;9696858676;S
20240226;100204;159.6;800;9696858677;S
20240226;100204;159.59;2470;9696858678;S
20240226;100205;159.6;300;9696858816;S
20240226;100205;159.6;2130;9696858818;B
20240226;100205;159.59;10;9696858838;S
20240226;100205;159.6;30;9696858855;B
20240226;100205;159.6;100;9696858886;B
20240226;100205;159.59;500;9696859029;S
20240226;100206;159.59;180;9696859197;S
20240226;100206;159.6;10;9696859391;B
20240226;100207;159.59;5000;9696859638;S
20240226;100207;159.59;800;9696859671;S
20240226;100208;159.6;140;9696860020;B
20240226;100208;159.59;100;9696860024;S
20240226;100209;159.6;10;9696860448;B
20240226;100209;159.6;10;9696860453;B
20240226;100209;159.59;990;9696860475;S
20240226;100210;159.6;500;9696860619;B
20240226;100210;159.6;10;9696860633;B
20240226;100211;159.59;10;9696861096;S
20240226;100211;159.59;190;9696861152;S
20240226;100211;159.6;7000;9696861214;B
20240226;100212;159.59;20;9696861246;S
20240226;100212;159.59;100;9696861258;S
20240226;100212;159.6;400;9696861373;B
20240226;100212;159.6;40;9696861601;B
20240226;100213;159.59;100;9696861783;S
20240226;100213;159.6;100;9696862000;B
20240226;100214;159.6;200;9696862050;B
20240226;100214;159.6;30;9696862161;B
20240226;100215;159.6;660;9696862430;B
20240226;100215;159.59;2700;9696862545;S
20240226;100215;159.59;20;9696862546;S
20240226;100215;159.59;10;9696862547;S
20240226;100215;159.59;730;9696862548;S
20240226;100215;159.59;60;9696862549;S
20240226;100215;159.59;500;9696862550;S
20240226;100215;159.59;310;9696862551;S
20240226;100215;159.59;1220;9696862552;S
20240226;100215;159.59;40;9696862612;S
20240226;100216;159.59;10;9696862774;S
20240226;100216;159.6;280;9696862952;B
20240226;100217;159.6;10;9696862999;B
20240226;100217;159.59;250;9696863126;S
20240226;100217;159.6;2000;9696863127;B
20240226;100217;159.6;1040;9696863180;B
20240226;100217;159.6;1000;9696863181;B
20240226;100217;159.6;50;9696863182;B
20240226;100217;159.6;500;9696863183;B
20240226;100217;159.6;1000;9696863184;B
20240226;100218;159.66;10;9696863305;B
20240226;100218;159.67;10;9696863306;B
20240226;100219;159.67;10;9696863626;B
20240226;100219;159.67;50;9696863775;B
20240226;100220;159.6;100;9696863865;S
20240226;100220;159.61;300;9696864158;S
20240226;100220;159.61;540;9696864159;S
20240226;100221;159.66;110;9696864263;B
20240226;100221;159.66;190;9696864632;B
20240226;100221;159.67;510;9696864633;B
20240226;100221;159.67;10;9696864643;B
20240226;100221;159.67;90;9696864659;B
20240226;100222;159.64;140;9696864887;S
