<DATE>;<TIME>;<LAST>;<VOL>;<ID>;<OPER>
20240423;095946;166.59;10;10184106251;B
20240423;095946;166.59;10;10184106252;B
20240423;095946;166.59;40;10184106253;B
20240423;095946;166.59;50;10184106254;B
20240423;095946;166.59;10;10184106255;B
20240423;095946;166.59;60;10184106256;B
20240423;095946;166.59;1000;10184106257;S
20240423;095946;166.59;20;10184106258;S
20240423;095946;166.59;80;10184106259;S
20240423;095946;166.59;20;10184106260;S
20240423;095946;166.59;10;10184106261;S
20240423;095946;166.59;150;10184106262;S
20240423;095946;166.59;10;10184106263;S
20240423;095946;166.59;10;10184106264;S
20240423;095946;166.59;10;10184106265;S
20240423;095946;166.59;20;10184106266;S
20240423;095946;166.59;10;10184106267;S
20240423;095946;166.59;50;10184106268;B
20240423;095946;166.59;120;10184106269;B
20240423;095946;166.59;10;10184106270;S
20240423;095946;166.59;30;10184106271;S
20240423;095946;166.59;10;10184106272;B
20240423;095946;166.59;40;10184106273;B
20240423;095946;166.59;10;10184106274;S
20240423;095946;166.59;10;10184106275;S
20240423;095946;166.59;50;10184106276;B
20240423;095946;166.59;1150;10184106277;B
20240423;095946;166.59;1810;10184106278;B
20240423;095946;166.59;1810;10184106279;B
20240423;095946;166.59;1810;10184106280;B
20240423;095946;166.59;110;10184106281;B
20240423;095946;166.59;1810;10184106282;B
20240423;095946;166.59;1810;10184106283;B
20240423;095946;166.59;1810;10184106284;B
20240423;095946;166.59;150;10184106285;S
20240423;095946;166.59;1800;10184106286;B
20240423;095946;166.59;1000;10184106287;S
20240423;095946;166.59;1800;10184106288;B
20240423;095946;166.59;1290;10184106289;B
20240423;095946;166.59;90;10184106290;B
20240423;095946;166.59;10;10184106291;B
20240423;095946;166.59;10;10184106292;B
20240423;095946;166.59;10;10184106293;B
20240423;095946;166.59;10;10184106294;B
20240423;095946;166.59;20;10184106295;B
20240423;095946;166.59;40;10184106296;B
20240423;095946;166.59;10;10184106297;B
20240423;095946;166.59;100;10184106298;B
20240423;095946;166.59;10;10184106299;B
20240423;095946;166.59;200;10184106300;B
20240423;095946;166.59;50;10184106301;B
20240423;095946;166.59;50;10184106302;B
20240423;095946;166.59;10;10184106303;B
20240423;095946;166.59;10;10184106304;B
20240423;095946;166.59;20;10184106305;B
20240423;095946;166.59;250;10184106306;B
20240423;095946;166.59;10;10184106307;B
20240423;095946;166.59;900;10184106308;B
20240423;095946;166.59;60;10184106309;B
20240423;095946;166.59;40;10184106310;B
20240423;095946;166.59;100;10184106311;B
20240423;095946;166.59;250;10184106312;B
20240423;095946;166.59;50;10184106313;B
20240423;095946;166.59;250;10184106314;B
20240423;095946;166.59;800;10184106315;B
20240423;095946;166.59;260;10184106316;B
20240423;095946;166.59;30;10184106317;S
20240423;095946;166.59;20;10184106318;S
20240423;095946;166.59;10;10184106319;S
20240423;095946;166.59;430;10184106320;S
20240423;095946;166.59;70;10184106321;S
20240423;095946;166.59;10;10184106322;S
20240423;095946;166.59;10;10184106323;S
20240423;095946;166.59;10;10184106324;S
20240423;095946;166.59;30;10184106325;B
20240423;095946;166.59;50;10184106326;B
20240423;095946;166.59;20;10184106327;B
20240423;095946;166.59;40;10184106328;B
20240423;095946;166.59;20;10184106329;B
20240423;095946;166.59;40;10184106330;B
20240423;095946;166.59;10;10184106331;B
20240423;095946;166.59;40;10184106332;B
20240423;095946;166.59;150;10184106333;B
20240423;095946;166.59;80;10184106334;B
20240423;095946;166.59;10;10184106335;B
20240423;095946;166.59;20;10184106336;B
20240423;095946;166.59;30;10184106337;B
20240423;095946;166.59;20;10184106338;B
20240423;095946;166.59;40;10184106339;B
20240423;095946;166.59;40;10184106340;B
20240423;095946;166.59;50;10184106341;B
20240423;095946;166.59;10;10184106342;B
20240423;095946;166.59;20;10184106343;B
20240423;095946;166.59;10;10184106344;B
20240423;095946;166.59;10;10184106345;B
20240423;095946;166.59;10;10184106346;B
20240423;095946;166.59;30;10184106347;B
20240423;095946;166.59;10;10184106348;B
20240423;095946;166.59;10;10184106349;B
20240423;095946;166.59;10;10184106350;B
20240423;095946;166.59;250;10184106351;B
20240423;095946;166.59;50;10184106352;S
20240423;095946;166.59;10;10184106353;S
20240423;095946;166.59;300;10184106354;B
20240423;095946;166.59;100;10184106355;B
20240423;095946;166.59;180;10184106356;B
20240423;095946;166.59;1800;10184106357;B
20240423;095946;166.59;1800;10184106358;B
20240423;095946;166.59;1000;10184106359;S
20240423;095946;166.59;930;10184106360;B
20240423;095946;166.59;10;10184106361;B
20240423;095946;166.59;860;10184106362;B
20240423;095946;166.59;340;10184106363;B
20240423;100000;166.59;10;10184109827;B
20240423;100000;166.59;760;10184110134;B
20240423;100001;166.58;10;10184110377;S
20240423;100001;166.58;20;10184110382;S
20240423;100001;166.59;690;10184110410;B
20240423;100001;166.64;300;10184110448;S
20240423;100001;166.64;1890;10184110449;S
20240423;100001;166.64;210;10184110450;S
20240423;100001;166.63;210;10184110451;S
20240423;100001;166.63;180;10184110452;S
20240423;100001;166.62;210;10184110453;S
20240423;100001;166.61;210;10184110454;S
20240423;100001;166.6;210;10184110455;S
20240423;100001;166.59;1540;10184110456;S
20240423;100001;166.66;100;10184110798;B
20240423;100001;166.68;160;10184110799;B
20240423;100001;166.69;10;10184110800;B
20240423;100001;166.7;30;10184110801;B
20240423;100002;166.63;20;10184111487;S
20240423;100002;166.65;210;10184111920;S
20240423;100002;166.65;590;10184111921;S
20240423;100003;166.65;1300;10184112599;S
20240423;100003;166.65;210;10184112600;S
20240423;100003;166.65;270;10184112601;S
20240423;100003;166.65;300;10184112602;S
20240423;100003;166.64;210;10184112603;S
20240423;100003;166.64;160;10184112604;S
20240423;100003;166.63;190;10184112605;S
20240423;100003;166.62;210;10184112606;S
20240423;100003;166.61;210;10184112607;S
20240423;100003;166.6;210;10184112608;S
20240423;100003;166.59;210;10184112609;S
20240423;100003;166.58;210;10184112610;S
20240423;100003;166.57;200;10184112611;S
20240423;100003;166.57;210;10184112612;S
20240423;100003;166.56;100;10184112613;S
20240423;100003;166.56;300;10184112614;S
20240423;100003;166.64;10;10184113087;S
20240423;100003;166.69;10;10184113250;B
20240423;100004;166.69;20;10184113702;B
20240423;100004;166.63;50;10184113835;S
20240423;100004;166.69;10;10184113836;B
20240423;100004;166.69;10;10184113837;B
20240423;100005;166.63;10;10184114379;S
20240423;100005;166.63;20;10184114386;S
20240423;100005;166.69;10;10184114397;B
20240423;100005;166.63;150;10184114399;S
20240423;100005;166.63;90;10184114416;S
20240423;100005;166.63;10;10184114418;S
20240423;100005;166.63;50;10184114866;S
20240423;100005;166.63;10;10184114879;S
20240423;100005;166.69;20;10184114895;B
20240423;100005;166.63;10;10184114981;S
20240423;100005;166.69;10;10184114991;B
20240423;100005;166.63;10;10184115085;S
20240423;100005;166.69;10;10184115290;B
20240423;100005;166.63;10;10184115499;S
20240423;100005;166.7;10;10184115548;B
20240423;100005;166.7;30;10184115617;B
20240423;100005;166.7;400;10184115618;B
20240423;100005;166.7;100;10184115619;B
20240423;100005;166.7;30;10184115620;B
20240423;100005;166.7;50;10184115621;B
20240423;100005;166.7;300;10184115622;B
20240423;100005;166.71;130;10184115623;B
20240423;100005;166.75;960;10184115624;B
20240423;100005;166.66;20;10184115680;S
20240423;100006;166.66;10;10184116069;S
20240423;100006;166.66;270;10184116071;S
20240423;100006;166.65;330;10184116072;S
20240423;100006;166.66;40;10184116075;S
20240423;100006;166.66;70;10184116081;S
20240423;100006;166.74;10;10184116083;B
20240423;100006;166.65;10;10184116085;S
20240423;100006;166.74;10;10184116185;B
20240423;100006;166.65;20;10184116187;S
20240423;100006;166.74;10;10184116191;B
20240423;100006;166.74;10;10184116201;B
20240423;100006;166.65;30;10184116207;S
20240423;100006;166.65;30;10184116212;S
20240423;100006;166.65;30;10184116216;S
20240423;100006;166.74;10;10184116690;B
20240423;100006;166.74;10;10184116830;B
20240423;100006;166.74;30;10184116834;B
20240423;100006;166.74;10;10184116838;B
20240423;100006;166.65;10;10184116842;S
20240423;100006;166.65;80;10184116904;S
20240423;100006;166.74;10;10184116910;B
20240423;100006;166.65;10;10184116995;S
20240423;100006;166.65;10;10184116997;S
20240423;100006;166.7;300;10184116999;B
20240423;100006;166.71;10;10184117000;B
20240423;100006;166.71;120;10184117001;B
20240423;100006;166.75;100;10184117002;B
20240423;100006;166.66;30;10184117014;S
20240423;100006;166.74;10;10184117073;B
20240423;100006;166.74;10;10184117356;B
20240423;100006;166.65;40;10184117358;S
20240423;100006;166.74;10;10184117608;B
20240423;100006;166.74;10;10184117618;B
20240423;100006;166.65;10;10184117619;S
20240423;100006;166.65;10;10184117662;S
20240423;100007;166.65;10;10184117982;S
20240423;100007;166.65;10;10184117986;S
20240423;100007;166.65;10;10184117989;S
20240423;100007;166.65;60;10184118438;S
20240423;100007;166.74;10;10184118439;B
20240423;100007;166.74;10;10184118440;B
20240423;100007;166.74;10;10184118441;B
20240423;100007;166.65;20;10184118680;S
20240423;100007;166.65;10;10184118683;S
20240423;100007;166.74;20;10184118687;B
20240423;100007;166.65;10;10184118691;S
20240423;100007;166.65;110;10184118694;S
20240423;100007;166.64;50;10184118695;S
20240423;100007;166.74;10;10184118698;B
20240423;100007;166.74;10;10184118782;B
20240423;100008;166.68;10;10184119113;B
20240423;100008;166.68;110;10184119317;B
20240423;100008;166.68;40;10184119319;B
20240423;100008;166.68;10;10184119320;B
20240423;100008;166.64;40;10184119321;S
20240423;100008;166.68;10;10184119322;B
20240423;100008;166.64;10;10184119323;S
20240423;100008;166.68;10;10184119324;B
20240423;100008;166.68;10;10184119325;B
20240423;100008;166.68;10;10184119326;B
20240423;100008;166.68;20;10184119327;B
20240423;100008;166.68;10;10184119329;B
20240423;100008;166.68;10;10184119330;B
20240423;100008;166.68;10;10184119331;B
20240423;100008;166.64;400;10184119335;S
20240423;100008;166.68;10;10184119341;B
20240423;100008;166.64;10;10184119342;S
20240423;100008;166.68;10;10184119736;B
20240423;100008;166.64;10;10184120015;S
20240423;100008;166.68;10;10184120016;B
20240423;100008;166.68;50;10184120017;B
20240423;100008;166.68;50;10184120018;B
20240423;100009;166.68;10;10184120423;B
20240423;100009;166.68;10;10184120424;B
20240423;100009;166.68;10;10184120425;B
20240423;100009;166.65;40;10184120444;S
20240423;100009;166.65;10;10184120615;S
20240423;100010;166.68;20;10184120848;B
20240423;100010;166.66;180;10184120877;S
20240423;100010;166.68;140;10184120974;B
20240423;100010;166.68;10;10184121058;B
20240423;100010;166.68;160;10184121151;B
20240423;100010;166.68;10;10184121189;B
20240423;100010;166.68;200;10184121216;B
20240423;100010;166.68;10;10184121325;B
20240423;100011;166.68;100;10184121398;B
20240423;100011;166.68;10;10184121419;B
20240423;100011;166.68;140;10184121623;B
20240423;100011;166.76;100;10184121762;B
20240423;100011;166.76;10;10184121763;B
20240423;100012;166.71;1080;10184122021;S
20240423;100012;166.71;220;10184122022;S
20240423;100014;166.7;140;10184122816;S
20240423;100014;166.7;370;10184122817;S
20240423;100015;166.76;10;10184123293;B
20240423;100016;166.7;80;10184123598;S
20240423;100016;166.76;10;10184123788;B
20240423;100017;166.71;20;10184124446;S
20240423;100019;166.72;60;10184125256;S
20240423;100020;166.76;20;10184125408;B
20240423;100020;166.72;60;10184125410;S
20240423;100020;166.72;40;10184125540;S
20240423;100020;166.72;10;10184125579;S
20240423;100022;166.76;10;10184126193;B
20240423;100025;166.69;300;10184126975;S
20240423;100025;166.69;160;10184126976;S
20240423;100025;166.68;330;10184126977;S
20240423;100025;166.67;1080;10184126978;S
20240423;100025;166.66;1880;10184126979;S
20240423;100025;166.66;8000;10184126980;S
20240423;100025;166.66;1000;10184126981;S
20240423;100025;166.65;1000;10184126982;S
20240423;100025;166.64;120;10184126983;S
20240423;100025;166.64;1000;10184126984;S
20240423;100025;166.64;210;10184126985;S
20240423;100025;166.63;210;10184126986;S
20240423;100025;166.63;1000;10184126987;S
20240423;100025;166.62;210;10184126988;S
20240423;100025;166.62;1000;10184126989;S
20240423;100025;166.61;210;10184126990;S
20240423;100025;166.61;1000;10184126991;S
20240423;100025;166.6;210;10184126992;S
20240423;100025;166.6;1000;10184126993;S
20240423;100025;166.59;80;10184126994;S
20240423;100026;166.63;300;10184127330;S
20240423;100026;166.62;700;10184127331;S
20240423;100027;166.64;40;10184127670;S
20240423;100028;166.7;10;10184127734;B
20240423;100028;166.66;10;10184127928;S
20240423;100030;166.68;10;10184128533;B
20240423;100030;166.68;250;10184128836;B
20240423;100031;166.68;100;10184129226;B
20240423;100032;166.68;20;10184129474;B
20240423;100032;166.68;70;10184129653;B
20240423;100033;166.68;10;10184129674;B
20240423;100033;166.66;20;10184129746;S
20240423;100033;166.67;10;10184130030;S
20240423;100034;166.68;10;10184130170;B
20240423;100035;166.67;40;10184130703;S
20240423;100035;166.68;10;10184130771;B
20240423;100036;166.66;140;10184131059;S
20240423;100036;166.65;300;10184131060;S
20240423;100036;166.64;10;10184131061;S
20240423;100036;166.63;60;10184131062;S
20240423;100036;166.62;1080;10184131063;S
20240423;100036;166.62;1500;10184131064;S
20240423;100036;166.61;210;10184131065;S
20240423;100036;166.61;1000;10184131066;S
20240423;100036;166.6;210;10184131067;S
20240423;100036;166.6;1000;10184131068;S
20240423;100036;166.59;130;10184131069;S
20240423;100036;166.59;1000;10184131070;S
20240423;100036;166.59;610;10184131071;S
20240423;100036;166.58;210;10184131072;S
20240423;100036;166.58;1000;10184131073;S
20240423;100036;166.58;1880;10184131074;S
20240423;100036;166.57;210;10184131075;S
20240423;100036;166.57;1000;10184131076;S
20240423;100036;166.57;8000;10184131077;S
20240423;100036;166.57;450;10184131078;S
20240423;100036;166.67;20;10184131289;B
20240423;100037;166.67;280;10184131450;B
20240423;100037;166.67;120;10184131451;B
20240423;100039;166.65;10;10184132428;S
20240423;100041;166.67;130;10184133182;B
20240423;100042;166.65;300;10184133566;S
20240423;100042;166.65;50;10184133827;S
20240423;100044;166.65;30;10184134182;S
20240423;100044;166.65;20;10184134259;S
20240423;100044;166.66;290;10184134261;B
20240423;100045;166.65;290;10184134438;S
20240423;100045;166.64;140;10184134439;S
20240423;100045;166.59;1080;10184134440;S
20240423;100045;166.59;210;10184134441;S
20240423;100045;166.59;100;10184134442;S
20240423;100045;166.58;210;10184134443;S
20240423;100045;166.58;300;10184134444;S
20240423;100045;166.57;210;10184134445;S
20240423;100045;166.57;1500;10184134446;S
20240423;100045;166.56;200;10184134447;S
20240423;100045;166.56;200;10184134448;S
20240423;100045;166.56;210;10184134449;S
20240423;100045;166.55;210;10184134450;S
20240423;100045;166.55;1000;10184134451;S
20240423;100045;166.54;1000;10184134452;S
20240423;100045;166.54;210;10184134453;S
20240423;100045;166.53;1000;10184134454;S
20240423;100045;166.53;210;10184134455;S
20240423;100045;166.53;150;10184134456;S
20240423;100045;166.53;8000;10184134457;S
20240423;100045;166.53;150;10184134458;S
20240423;100045;166.52;1000;10184134459;S
20240423;100045;166.52;210;10184134460;S
20240423;100045;166.52;1890;10184134461;S
20240423;100045;166.51;20;10184134462;S
20240423;100045;166.51;300;10184134463;S
20240423;100045;166.6;50;10184134478;B
20240423;100045;166.55;10;10184134579;S
20240423;100046;166.6;10;10184134633;B
20240423;100046;166.6;20;10184134652;B
20240423;100046;166.55;200;10184134739;S
20240423;100046;166.54;400;10184134740;S
20240423;100047;166.54;30;10184134942;S
20240423;100048;166.6;220;10184135263;B
20240423;100048;166.6;8000;10184135264;B
20240423;100048;166.61;1000;10184135265;B
20240423;100048;166.61;1890;10184135266;B
20240423;100048;166.61;130;10184135267;B
20240423;100048;166.61;610;10184135268;B
20240423;100048;166.62;1000;10184135269;B
20240423;100048;166.63;1000;10184135270;B
20240423;100048;166.64;1000;10184135271;B
20240423;100048;166.64;600;10184135272;B
20240423;100048;166.65;1000;10184135273;B
20240423;100048;166.65;100;10184135305;S
20240423;100048;166.66;110;10184135411;B
20240423;100050;166.67;150;10184136062;S
20240423;100053;166.67;10;10184137046;B
20240423;100054;166.67;40;10184137238;B
20240423;100055;166.67;20;10184137488;B
20240423;100056;166.66;10;10184137773;S
20240423;100057;166.67;20;10184137993;B
20240423;100058;166.67;10;10184138581;B
20240423;100100;166.66;190;10184139291;S
20240423;100101;166.67;200;10184139459;B
20240423;100101;166.67;10;10184139460;B
20240423;100103;166.67;30;10184140088;B
20240423;100104;166.66;400;10184140405;S
20240423;100105;166.66;10;10184140572;S
20240423;100105;166.66;40;10184140573;S
20240423;100105;166.66;10;10184140619;S
20240423;100105;166.66;140;10184140733;S
20240423;100105;166.67;50;10184140756;B
20240423;100107;166.66;10;10184141201;S
20240423;100107;166.67;10;10184141225;B
20240423;100109;166.66;880;10184141591;S
20240423;100109;166.66;260;10184141592;S
20240423;100111;166.67;100;10184141972;B
20240423;100113;166.68;30;10184142471;B
20240423;100113;166.68;240;10184142472;B
20240423;100113;166.69;40;10184142473;B
20240423;100114;166.69;320;10184142707;S
20240423;100114;166.68;280;10184142708;S
20240423;100116;166.68;700;10184143164;S
20240423;100118;166.69;60;10184143689;S
20240423;100119;166.68;120;10184143791;S
20240423;100121;166.7;10;10184144263;B
20240423;100124;166.69;310;10184144657;S
20240423;100124;166.68;960;10184144658;S
20240423;100124;166.67;730;10184144659;S
20240423;100124;166.68;20;10184144729;S
20240423;100125;166.7;10;10184144877;B
20240423;100125;166.7;470;10184144891;B
20240423;100125;166.7;300;10184144892;B
20240423;100125;166.71;310;10184144893;B
20240423;100125;166.73;50;10184144894;B
20240423;100125;166.73;610;10184144895;B
20240423;100125;166.74;300;10184144896;B
20240423;100125;166.74;460;10184144897;B
20240423;100126;166.7;30;10184145054;S
20240423;100126;166.69;310;10184145055;S
20240423;100126;166.68;1040;10184145056;S
20240423;100127;166.74;50;10184145307;B
20240423;100129;166.74;1080;10184145712;B
20240423;100129;166.74;300;10184145772;B
20240423;100129;166.74;300;10184145773;B
20240423;100129;166.74;100;10184145774;B
20240423;100129;166.75;900;10184145775;B
20240423;100129;166.75;310;10184145776;B
20240423;100129;166.75;1800;10184145777;B
20240423;100129;166.76;6000;10184145778;B
20240423;100129;166.76;610;10184145779;B
20240423;100129;166.77;30;10184145780;B
20240423;100129;166.77;50;10184145781;B
20240423;100129;166.77;30;10184145782;B
20240423;100129;166.77;10;10184145783;B
20240423;100129;166.77;10;10184145784;B
20240423;100129;166.77;130;10184145785;B
20240423;100129;166.77;10;10184145786;B
20240423;100129;166.77;950;10184145787;B
20240423;100129;166.77;40;10184145788;B
20240423;100129;166.77;70;10184145789;B
20240423;100129;166.77;2820;10184145790;B
20240423;100129;166.7;10;10184145853;S
20240423;100129;166.69;10;10184145854;S
20240423;100129;166.76;20;10184145865;B
20240423;100130;166.76;100;10184145989;B
20240423;100134;166.76;10;10184146808;B
20240423;100135;166.71;100;10184147065;S
20240423;100136;166.76;20;10184147318;B
20240423;100138;166.71;30;10184147721;S
20240423;100141;166.76;10;10184148463;B
20240423;100141;166.71;170;10184148540;S
20240423;100141;166.71;300;10184148541;S
20240423;100141;166.71;30;10184148542;B
20240423;100143;166.71;120;10184148796;S
20240423;100146;166.75;20;10184149444;B
20240423;100146;166.74;100;10184149528;S
20240423;100146;166.74;100;10184149543;S
20240423;100146;166.74;100;10184149556;S
20240423;100147;166.74;100;10184149564;S
20240423;100147;166.75;80;10184149570;B
20240423;100147;166.76;20;10184149571;B
20240423;100147;166.74;100;10184149575;S
20240423;100147;166.74;100;10184149621;S
20240423;100147;166.74;100;10184149636;S
20240423;100147;166.74;100;10184149675;S
20240423;100147;166.76;120;10184149686;B
20240423;100147;166.73;100;10184149704;S
20240423;100147;166.73;100;10184149727;S
20240423;100147;166.73;10;10184149761;S
20240423;100147;166.73;90;10184149762;S
20240423;100147;166.73;100;10184149781;S
20240423;100147;166.73;80;10184149810;S
20240423;100148;166.73;70;10184149921;S
20240423;100148;166.73;50;10184149942;S
20240423;100148;166.73;190;10184149943;S
20240423;100149;166.74;300;10184150089;S
20240423;100150;166.76;200;10184150215;B
20240423;100153;166.76;120;10184151038;B
20240423;100153;166.75;290;10184151039;S
20240423;100153;166.75;80;10184151040;S
20240423;100154;166.75;100;10184151151;S
20240423;100154;166.75;50;10184151152;S
20240423;100154;166.75;60;10184151298;S
20240423;100154;166.76;80;10184151344;B
20240423;100154;166.76;150;10184151345;B
20240423;100154;166.76;300;10184151346;B
20240423;100154;166.77;180;10184151347;B
20240423;100154;166.77;40;10184151348;B
20240423;100154;166.77;10;10184151349;B
20240423;100154;166.77;30;10184151350;B
20240423;100154;166.77;20;10184151351;B
20240423;100154;166.77;190;10184151352;B
20240423;100154;166.77;810;10184151379;B
20240423;100154;166.77;10;10184151380;B
20240423;100154;166.77;160;10184151381;B
20240423;100154;166.77;30;10184151382;B
20240423;100154;166.78;20;10184151383;B
20240423;100154;166.78;300;10184151384;B
20240423;100154;166.78;280;10184151385;B
20240423;100154;166.79;130;10184151386;B
20240423;100154;166.79;10;10184151387;B
20240423;100154;166.79;40;10184151388;B
20240423;100154;166.8;370;10184151389;B
20240423;100154;166.8;10;10184151404;B
20240423;100154;166.76;50;10184151428;S
20240423;100155;166.76;140;10184151429;S
20240423;100155;166.77;40;10184151432;S
20240423;100155;166.77;170;10184151433;S
20240423;100155;166.76;80;10184151434;S
20240423;100155;166.76;200;10184151435;S
20240423;100155;166.77;210;10184151436;S
20240423;100155;166.76;10;10184151437;S
20240423;100155;166.77;130;10184151438;S
20240423;100155;166.77;80;10184151440;S
20240423;100155;166.76;50;10184151441;S
20240423;100155;166.77;50;10184151442;S
20240423;100155;166.77;160;10184151443;S
20240423;100155;166.76;420;10184151444;S
20240423;100155;166.76;60;10184151445;S
20240423;100155;166.76;40;10184151446;S
20240423;100155;166.8;270;10184151464;B
20240423;100155;166.8;30;10184151465;B
20240423;100155;166.8;50;10184151466;B
20240423;100156;166.77;500;10184151669;S
20240423;100156;166.8;110;10184151850;B
20240423;100200;166.8;20;10184152618;B
20240423;100200;166.8;30;10184152619;B
20240423;100200;166.8;60;10184152721;B
20240423;100202;166.78;60;10184153105;S
20240423;100204;166.8;600;10184153845;B
20240423;100207;166.77;270;10184154223;S
20240423;100207;166.77;200;10184154335;S
20240423;100208;166.77;50;10184154502;B
20240423;100208;166.79;10;10184154530;B
20240423;100208;166.79;20;10184154547;B
20240423;100209;166.79;10;10184154734;B
20240423;100211;166.78;90;10184155014;S
20240423;100211;166.79;40;10184155063;B
20240423;100211;166.79;100;10184155112;B
20240423;100212;166.79;10;10184155235;B
20240423;100213;166.79;30;10184155381;B
20240423;100214;166.79;80;10184155499;B
20240423;100214;166.79;270;10184155500;B
20240423;100214;166.8;10;10184155501;B
20240423;100214;166.8;300;10184155502;B
20240423;100214;166.8;10;10184155503;B
20240423;100214;166.8;20;10184155504;B
20240423;100214;166.81;3350;10184155505;B
20240423;100214;166.82;10;10184155506;B
20240423;100214;166.84;3400;10184155507;B
20240423;100214;166.84;610;10184155508;B
20240423;100214;166.84;1260;10184155509;B
20240423;100214;166.84;40;10184155510;B
20240423;100214;166.85;7270;10184155511;B
20240423;100214;166.85;10;10184155512;B
20240423;100214;166.86;1000;10184155513;B
20240423;100214;166.86;1880;10184155514;B
20240423;100214;166.87;10;10184155515;B
20240423;100214;166.87;30;10184155516;B
20240423;100214;166.87;310;10184155517;B
20240423;100214;166.87;10;10184155518;B
20240423;100214;166.87;510;10184155519;B
20240423;100214;166.87;500;10184155520;B
20240423;100214;166.87;8000;10184155521;B
20240423;100214;166.87;1000;10184155522;B
20240423;100214;166.88;1000;10184155523;B
20240423;100214;166.89;10;10184155524;B
20240423;100214;166.89;10;10184155525;B
20240423;100214;166.89;1000;10184155526;B
20240423;100214;166.89;100;10184155527;B
20240423;100214;166.89;10;10184155528;B
20240423;100214;166.9;150;10184155529;B
20240423;100214;166.9;200;10184155530;B
20240423;100214;166.9;600;10184155531;B
20240423;100214;166.9;100;10184155532;B
20240423;100214;166.9;30;10184155533;B
20240423;100214;166.9;1000;10184155534;B
20240423;100214;166.9;10;10184155535;B
20240423;100214;166.9;20;10184155536;B
20240423;100214;166.9;8000;10184155537;B
20240423;100214;166.91;1000;10184155538;B
20240423;100214;166.92;1000;10184155539;B
20240423;100214;166.92;5870;10184155540;B
20240423;100214;166.86;30;10184155662;S
20240423;100215;166.9;10;10184155807;S
20240423;100215;166.86;10;10184155833;S
20240423;100219;166.87;100;10184156467;S
20240423;100219;166.9;130;10184156736;B
20240423;100219;166.91;300;10184156737;B
20240423;100219;166.91;170;10184156738;B
20240423;100219;166.87;910;10184156962;S
20240423;100219;166.86;1000;10184156963;S
20240423;100219;166.86;90;10184156964;S
20240423;100220;166.9;300;10184157040;B
20240423;100220;166.9;20;10184157073;S
20240423;100221;166.91;10;10184157271;B
20240423;100224;166.9;10;10184157871;S
20240423;100226;166.91;10;10184158200;B
20240423;100226;166.91;120;10184158201;B
20240423;100227;166.93;10;10184158312;B
20240423;100227;166.91;30;10184158338;S
20240423;100228;166.91;470;10184158447;S
20240423;100228;166.9;30;10184158448;S
20240423;100230;166.9;480;10184158702;S
20240423;100230;166.92;20;10184158747;B
20240423;100231;166.92;280;10184158870;B
20240423;100231;166.92;30;10184158871;B
20240423;100231;166.92;250;10184158872;B
20240423;100231;166.93;490;10184158873;B
20240423;100231;166.94;500;10184158875;S
20240423;100231;166.94;500;10184158888;S
20240423;100231;166.94;500;10184158889;S
20240423;100231;166.94;500;10184158890;S
20240423;100231;166.94;500;10184158895;S
20240423;100231;166.94;500;10184158910;S
20240423;100231;166.94;500;10184158912;S
20240423;100231;166.94;100;10184158915;S
20240423;100231;166.94;350;10184158916;S
20240423;100231;166.93;150;10184158917;S
20240423;100231;166.93;100;10184158918;S
20240423;100231;166.9;160;10184158919;S
20240423;100231;166.9;10;10184158920;S
20240423;100233;166.89;10;10184159181;B
20240423;100233;166.88;50;10184159294;S
20240423;100233;166.88;950;10184159295;S
20240423;100234;166.89;20;10184159484;B
20240423;100234;166.89;300;10184159485;B
20240423;100234;166.89;30;10184159486;B
20240423;100234;166.9;230;10184159487;B
20240423;100234;166.9;240;10184159488;B
20240423;100234;166.93;20;10184159489;B
20240423;100234;166.95;160;10184159490;B
20240423;100237;166.9;30;10184159850;B
20240423;100237;166.91;300;10184159851;B
20240423;100237;166.91;30;10184159852;B
20240423;100237;166.88;100;10184159990;S
20240423;100238;166.88;150;10184160028;S
20240423;100238;166.87;20;10184160029;S
20240423;100238;166.86;240;10184160030;S
20240423;100238;166.85;3600;10184160031;S
20240423;100238;166.84;4490;10184160032;S
20240423;100239;166.89;300;10184160375;B
20240423;100239;166.89;230;10184160376;B
20240423;100239;166.89;30;10184160377;B
20240423;100239;166.9;30;10184160378;B
20240423;100239;166.9;500;10184160379;B
20240423;100239;166.9;4910;10184160383;S
20240423;100239;166.88;230;10184160384;S
20240423;100239;166.87;300;10184160385;S
20240423;100239;166.86;130;10184160386;S
20240423;100239;166.86;1000;10184160387;S
20240423;100239;166.85;1000;10184160388;S
20240423;100239;166.84;1000;10184160389;S
20240423;100242;166.8;30;10184160938;B
20240423;100243;166.79;10;10184161185;S
20240423;100244;166.79;140;10184161203;S
20240423;100245;166.8;10;10184161448;B
20240423;100245;166.8;20;10184161449;B
20240423;100245;166.8;80;10184161450;B
20240423;100246;166.82;30;10184161509;B
20240423;100246;166.83;20;10184161510;B
20240423;100247;166.82;30;10184161650;B
20240423;100247;166.84;970;10184161651;B
20240423;100248;166.83;30;10184161817;S
20240423;100253;166.84;800;10184162527;B
20240423;100254;166.83;10;10184162651;S
20240423;100255;166.84;80;10184162803;B
20240423;100255;166.84;30;10184162804;B
20240423;100255;166.85;140;10184162847;S
20240423;100255;166.85;300;10184162848;S
20240423;100255;166.85;280;10184162849;S
20240423;100256;166.86;10;10184162988;B
20240423;100256;166.86;30;10184163033;S
20240423;100301;166.86;10;10184163798;S
20240423;100302;166.85;120;10184164019;S
20240423;100302;166.85;40;10184164020;S
20240423;100302;166.84;20;10184164021;S
20240423;100303;166.86;10;10184164125;B
20240423;100306;166.86;20;10184164659;B
20240423;100306;166.86;30;10184164660;B
20240423;100306;166.86;30;10184164661;B
20240423;100306;166.86;250;10184164662;B
20240423;100306;166.86;30;10184164663;B
20240423;100306;166.86;700;10184164664;B
20240423;100306;166.87;30;10184164665;B
20240423;100306;166.87;30;10184164666;B
20240423;100306;166.87;30;10184164667;B
20240423;100306;166.87;30;10184164668;B
20240423;100306;166.87;320;10184164669;B
20240423;100306;166.87;280;10184164670;B
20240423;100306;166.87;140;10184164671;B
20240423;100307;166.88;50;10184164779;B
20240423;100307;166.89;150;10184164780;B
20240423;100308;166.89;200;10184164947;B
20240423;100308;166.89;1150;10184164988;B
20240423;100308;166.89;30;10184164989;B
20240423;100308;166.9;3590;10184164990;B
20240423;100308;166.9;280;10184164991;B
20240423;100308;166.9;300;10184164992;B
20240423;100308;166.91;10;10184164993;B
20240423;100308;166.91;120;10184164994;B
20240423;100308;166.92;740;10184164995;B
20240423;100308;166.92;80;10184164996;B
20240423;100308;166.92;700;10184164997;B
20240423;100309;166.88;20;10184165213;B
20240423;100309;166.88;10;10184165264;B
20240423;100309;166.89;20;10184165265;B
20240423;100311;166.91;300;10184165560;B
20240423;100311;166.91;200;10184165561;B
20240423;100313;166.89;20;10184165922;S
20240423;100313;166.88;270;10184165923;S
20240423;100313;166.87;20;10184165924;S
20240423;100313;166.87;20;10184165925;S
20240423;100313;166.86;270;10184165926;S
20240423;100314;166.87;10;10184166078;S
20240423;100314;166.86;1500;10184166079;S
20240423;100314;166.86;200;10184166080;S
20240423;100315;166.85;50;10184166256;S
20240423;100315;166.85;20;10184166257;S
20240423;100317;166.84;100;10184166568;S
20240423;100317;166.84;10;10184166569;S
20240423;100317;166.83;2940;10184166570;S
20240423;100323;166.85;10;10184167863;B
20240423;100323;166.84;180;10184167925;S
20240423;100325;166.85;310;10184168250;B
20240423;100325;166.85;190;10184168251;B
20240423;100326;166.84;10;10184168482;S
20240423;100326;166.84;240;10184168483;S
20240423;100326;166.84;140;10184168487;B
20240423;100326;166.85;10;10184168499;B
20240423;100328;166.83;10;10184168851;S
20240423;100330;166.84;30;10184169083;B
20240423;100330;166.84;350;10184169084;B
20240423;100330;166.84;30;10184169085;B
20240423;100330;166.85;880;10184169086;B
20240423;100330;166.85;30;10184169087;B
20240423;100330;166.85;10;10184169088;B
20240423;100330;166.85;50;10184169089;B
20240423;100330;166.86;10330;10184169090;B
20240423;100330;166.86;30;10184169091;B
20240423;100330;166.86;200;10184169092;B
20240423;100330;166.87;300;10184169093;B
20240423;100330;166.89;50;10184169094;B
20240423;100330;166.89;200;10184169095;B
20240423;100330;166.9;610;10184169096;B
20240423;100330;166.9;200;10184169097;B
20240423;100330;166.9;700;10184169098;B
20240423;100330;166.9;1880;10184169099;B
20240423;100330;166.91;300;10184169100;B
20240423;100330;166.92;40;10184169101;B
20240423;100330;166.92;1500;10184169102;B
20240423;100330;166.92;120;10184169103;B
20240423;100330;166.92;300;10184169104;B
20240423;100330;166.93;10000;10184169105;B
20240423;100330;166.94;10;10184169106;B
20240423;100330;166.95;10;10184169107;B
20240423;100330;166.95;250;10184169108;B
20240423;100330;166.95;5040;10184169109;B
20240423;100331;166.91;30;10184169524;B
20240423;100331;166.92;200;10184169525;B
20240423;100331;166.92;30;10184169526;B
20240423;100331;166.94;420;10184169527;B
20240423;100333;166.94;20;10184169827;B
20240423;100333;166.87;20;10184169854;S
20240423;100335;166.91;30;10184170331;B
20240423;100335;166.92;30;10184170332;B
20240423;100335;166.93;330;10184170333;B
20240423;100335;166.93;60;10184170334;B
20240423;100335;166.94;1440;10184170335;B
20240423;100335;166.95;300;10184170336;B
20240423;100335;166.96;10;10184170337;B
20240423;100335;166.96;20;10184170338;B
20240423;100335;166.97;1000;10184170339;B
20240423;100335;166.97;2500;10184170340;B
20240423;100335;166.98;10;10184170341;B
20240423;100335;166.98;2900;10184170342;B
20240423;100335;166.99;10;10184170343;B
20240423;100335;166.99;30;10184170344;B
20240423;100335;166.99;10;10184170345;B
20240423;100335;166.99;20;10184170346;B
20240423;100335;166.99;200;10184170347;B
20240423;100335;166.99;30;10184170348;B
20240423;100335;166.99;10;10184170349;B
20240423;100335;166.99;1060;10184170350;B
20240423;100336;166.9;300;10184170405;S
20240423;100336;166.89;200;10184170406;S
20240423;100336;166.97;170;10184170409;B
20240423;100343;166.95;20;10184171862;B
20240423;100345;166.94;10;10184172069;S
20240423;100345;166.95;10;10184172106;B
20240423;100345;166.96;30;10184172107;B
20240423;100345;166.96;60;10184172108;B
20240423;100347;166.96;10;10184172453;B
20240423;100352;166.94;990;10184173219;S
20240423;100352;166.94;320;10184173220;S
20240423;100352;166.92;190;10184173221;S
20240423;100353;166.94;30;10184173317;S
20240423;100355;166.94;10;10184173648;S
20240423;100356;166.95;60;10184173748;B
20240423;100356;166.96;10;10184173802;B
20240423;100356;166.96;20;10184173803;B
20240423;100356;166.97;20;10184173804;B
20240423;100356;166.97;10;10184173805;B
20240423;100358;166.94;150;10184174023;S
20240423;100400;166.94;100;10184174306;S
20240423;100401;166.96;100;10184174509;B
20240423;100401;166.96;310;10184174510;B
20240423;100401;166.97;1070;10184174511;B
20240423;100401;166.98;270;10184174512;B
20240423;100401;166.94;20;10184174600;S
20240423;100402;166.94;40;10184174692;S
20240423;100402;166.95;70;10184174784;B
20240423;100404;166.98;230;10184175100;B
20240423;100404;166.99;440;10184175101;B
20240423;100404;166.99;20;10184175102;B
20240423;100404;166.99;40;10184175103;B
20240423;100404;166.99;310;10184175104;B
20240423;100404;167;450;10184175105;B
20240423;100404;167;10;10184175106;B
20240423;100404;167;10;10184175107;B
20240423;100404;167;10;10184175108;B
20240423;100404;167;10;10184175109;B
20240423;100404;167;520;10184175110;B
20240423;100404;166.97;300;10184175150;S
20240423;100404;166.97;1080;10184175151;S
20240423;100404;166.96;730;10184175152;S
20240423;100404;166.96;310;10184175153;S
20240423;100404;166.94;1000;10184175154;S
20240423;100404;166.94;160;10184175155;S
20240423;100404;166.95;60;10184175168;S
20240423;100404;166.95;10;10184175170;S
20240423;100404;166.94;30;10184175224;S
20240423;100405;166.94;500;10184175276;S
20240423;100405;166.94;10;10184175290;S
20240423;100406;166.99;10;10184175561;B
20240423;100407;166.95;10;10184175842;S
20240423;100407;166.94;240;10184175843;S
20240423;100408;166.99;30;10184175948;B
20240423;100409;166.96;10;10184176131;S
20240423;100410;166.99;1040;10184176278;B
20240423;100410;166.99;300;10184176279;B
20240423;100410;166.99;300;10184176280;B
20240423;100410;167;480;10184176281;B
20240423;100410;167;180;10184176282;B
20240423;100410;167;50;10184176283;B
20240423;100410;167;10;10184176284;B
20240423;100410;167;100;10184176285;B
20240423;100410;167;40;10184176286;B
20240423;100410;167;10;10184176287;B
20240423;100410;167;420;10184176288;B
20240423;100410;167;70;10184176289;B
20240423;100410;167;10;10184176290;B
20240423;100410;167;10;10184176291;B
20240423;100410;167;980;10184176292;B
20240423;100410;166.96;50;10184176388;S
20240423;100410;166.95;70;10184176389;S
20240423;100412;166.96;80;10184176658;B
20240423;100412;167;20;10184176659;B
20240423;100412;166.99;300;10184176663;B
20240423;100412;167;60;10184176664;B
20240423;100412;167;50;10184176665;B
20240423;100412;167;80;10184176666;B
20240423;100412;167;10;10184176667;B
20240423;100412;167;100;10184176668;B
20240423;100412;167;10;10184176669;B
20240423;100412;167;400;10184176670;B
20240423;100412;167;610;10184176671;B
20240423;100412;167;10;10184176672;B
20240423;100412;167;1850;10184176673;B
20240423;100412;167;1000;10184176674;B
20240423;100412;167;90;10184176675;B
20240423;100412;167;20;10184176676;B
20240423;100412;167;20;10184176677;B
20240423;100412;167;30;10184176678;B
20240423;100412;167;100;10184176679;B
20240423;100412;167;700;10184176680;B
20240423;100412;167;10;10184176681;B
20240423;100412;167;10;10184176682;B
20240423;100412;167;1140;10184176683;B
20240423;100412;167;10;10184176684;B
20240423;100412;167;30;10184176685;B
20240423;100412;167;300;10184176686;B
20240423;100412;167;100;10184176687;B
20240423;100412;167;10;10184176688;B
20240423;100412;167;160;10184176689;B
20240423;100412;167;10;10184176690;B
20240423;100412;167;100;10184176691;B
20240423;100412;167;60;10184176692;B
20240423;100412;167;10;10184176693;B
20240423;100412;167;10;10184176694;B
20240423;100412;167;20;10184176695;B
20240423;100412;167;60;10184176696;B
20240423;100413;167.01;20;10184176937;B
20240423;100413;167.01;10;10184176938;B
20240423;100413;167.01;10;10184176939;B
20240423;100413;167.01;80;10184176940;B
20240423;100413;167.01;20;10184176950;B
20240423;100413;167.03;10;10184176951;B
20240423;100413;167.03;10;10184176952;B
20240423;100413;167.03;10;10184176953;B
20240423;100413;167.03;10;10184176954;B
20240423;100413;167.03;10;10184176955;B
20240423;100413;167.03;10;10184176956;B
20240423;100413;167.03;10;10184176957;B
20240423;100413;167.03;100;10184176958;B
20240423;100413;167.03;10;10184176959;B
20240423;100414;167;10;10184177121;S
20240423;100415;167.03;30;10184177271;B
20240423;100415;167.03;1000;10184177272;B
20240423;100415;167.04;10;10184177273;B
20240423;100415;167.04;270;10184177274;B
20240423;100415;167.05;10;10184177275;B
20240423;100415;167.05;1880;10184177276;B
20240423;100415;167.05;40;10184177277;B
20240423;100415;167.06;230;10184177278;B
20240423;100415;167.06;2000;10184177279;B
20240423;100415;167.06;10;10184177280;B
20240423;100415;167.06;10;10184177281;B
20240423;100415;167.06;50;10184177282;B
20240423;100415;167.07;4460;10184177283;B
20240423;100415;167.06;200;10184177391;B
20240423;100416;167.06;50;10184177451;B
20240423;100416;167.05;490;10184177558;B
20240423;100416;167.06;320;10184177559;B
20240423;100416;167.07;540;10184177560;B
20240423;100416;167.07;50;10184177561;B
20240423;100416;167.07;600;10184177562;B
20240423;100418;167.05;200;10184177971;B
20240423;100419;167.05;10;10184178085;B
20240423;100419;167.04;10;10184178149;S
20240423;100419;167.04;290;10184178151;S
20240423;100419;167.04;210;10184178152;S
20240423;100421;167.04;10;10184178376;S
20240423;100421;167.04;80;10184178378;S
20240423;100423;167.04;210;10184178705;S
20240423;100423;167.04;310;10184178706;S
20240423;100423;167.03;480;10184178707;S
20240423;100423;167.03;130;10184178708;S
20240423;100423;167.03;160;10184178709;S
20240423;100423;167.03;140;10184178778;S
20240423;100423;167.03;610;10184178779;S
20240423;100423;167.02;310;10184178780;S
20240423;100423;167.01;1000;10184178781;S
20240423;100423;167.01;210;10184178782;S
20240423;100423;167.01;130;10184178783;S
20240423;100425;167.02;300;10184179071;S
20240423;100425;167.02;610;10184179072;S
20240423;100425;167.01;1000;10184179073;S
20240423;100425;167.01;210;10184179074;S
20240423;100425;167;4270;10184179075;S
20240423;100425;167.01;160;10184179081;S
20240423;100426;167.04;10;10184179232;B
20240423;100426;167.06;110;10184179233;B
20240423;100427;167.02;50;10184179298;S
20240423;100427;167.01;230;10184179395;S
20240423;100428;167.04;20;10184179549;B
20240423;100430;167.02;250;10184179754;S
20240423;100430;167.01;100;10184179791;S
20240423;100430;167.01;200;10184179828;S
20240423;100430;167;4250;10184179829;S
20240423;100431;167.02;20;10184179930;S
20240423;100431;167;570;10184179931;S
20240423;100431;167;10;10184179932;S
20240423;100432;167.04;230;10184180022;B
20240423;100432;167.05;310;10184180023;B
20240423;100432;167.06;300;10184180024;B
20240423;100432;167.08;100;10184180025;B
20240423;100432;167.08;1080;10184180026;B
20240423;100432;167.08;1500;10184180027;B
20240423;100432;167.08;100;10184180028;B
20240423;100432;167.08;610;10184180029;B
20240423;100432;167.08;10;10184180030;B
20240423;100432;167.09;10;10184180031;B
20240423;100432;167.09;10;10184180032;B
20240423;100432;167.09;1880;10184180033;B
20240423;100432;167.1;10;10184180034;B
20240423;100432;167.1;10;10184180035;B
20240423;100432;167.1;10;10184180036;B
20240423;100432;167.1;70;10184180037;B
20240423;100432;167.1;20;10184180038;B
20240423;100432;167.11;120;10184180039;B
20240423;100432;167.11;10;10184180040;B
20240423;100432;167.11;10;10184180041;B
20240423;100432;167.11;2000;10184180042;B
20240423;100432;167.12;130;10184180043;B
20240423;100432;167.12;1280;10184180044;B
20240423;100432;167.13;100;10184180045;B
20240423;100432;167.13;1000;10184180046;B
20240423;100432;167.13;210;10184180047;B
20240423;100432;167.14;210;10184180048;B
20240423;100432;167.14;1000;10184180049;B
20240423;100432;167.15;10;10184180050;B
20240423;100432;167.15;6570;10184180051;B
20240423;100432;167.15;20000;10184180052;B
20240423;100432;167.15;600;10184180053;B
20240423;100432;167.15;10;10184180054;B
20240423;100432;167.15;210;10184180055;B
20240423;100432;167.15;1000;10184180056;B
20240423;100432;167.16;1000;10184180057;B
20240423;100432;167.16;10;10184180058;B
20240423;100432;167.16;10;10184180059;B
20240423;100432;167.16;1000;10184180060;B
20240423;100432;167.16;2000;10184180061;B
20240423;100432;167.16;8000;10184180062;B
20240423;100432;167.16;210;10184180063;B
20240423;100432;167.17;30;10184180064;B
20240423;100432;167.17;40;10184180065;B
20240423;100432;167.17;1000;10184180066;B
20240423;100432;167.17;210;10184180067;B
20240423;100432;167.18;1200;10184180068;B
20240423;100432;167.18;50;10184180069;B
20240423;100432;167.18;1000;10184180070;B
20240423;100432;167.18;210;10184180071;B
20240423;100432;167.18;8000;10184180072;B
20240423;100432;167.18;1000;10184180073;B
20240423;100432;167.19;5000;10184180074;B
20240423;100432;167.19;10;10184180075;B
20240423;100432;167.19;200;10184180076;B
20240423;100432;167.19;1000;10184180077;B
20240423;100432;167.19;210;10184180078;B
20240423;100432;167.19;8000;10184180079;B
20240423;100432;167.2;10;10184180080;B
20240423;100432;167.2;10;10184180081;B
20240423;100432;167.2;10;10184180082;B
20240423;100432;167.2;10;10184180083;B
20240423;100432;167.2;1810;10184180084;B
20240423;100432;167.2;20;10184180085;B
20240423;100432;167.2;10;10184180086;B
20240423;100432;167.2;50;10184180087;B
20240423;100432;167.2;100;10184180088;B
20240423;100432;167.2;10;10184180089;B
20240423;100432;167.2;10;10184180090;B
20240423;100432;167.2;100;10184180091;B
20240423;100432;167.2;300;10184180092;B
20240423;100432;167.2;10;10184180093;B
20240423;100432;167.2;1000;10184180094;B
20240423;100432;167.2;210;10184180095;B
20240423;100432;167.21;10;10184180096;B
20240423;100432;167.21;1000;10184180097;B
20240423;100432;167.21;210;10184180098;B
20240423;100432;167.21;6000;10184180099;B
20240423;100432;167.22;10;10184180100;B
20240423;100432;167.22;10;10184180101;B
20240423;100432;167.22;10;10184180102;B
20240423;100432;167.22;1000;10184180103;B
20240423;100432;167.22;210;10184180104;B
20240423;100432;167.23;1000;10184180105;B
20240423;100432;167.24;1000;10184180106;B
20240423;100432;167.24;20;10184180107;B
20240423;100432;167.25;100;10184180108;B
20240423;100432;167.25;100;10184180109;B
20240423;100432;167.25;10;10184180110;B
20240423;100432;167.25;300;10184180111;B
20240423;100432;167.25;10;10184180112;B
20240423;100432;167.26;5210;10184180113;B
20240423;100432;167.18;80;10184180123;S
20240423;100432;167.17;140;10184180124;S
20240423;100432;167.17;100;10184180127;S
20240423;100432;167.17;160;10184180129;S
20240423;100432;167.18;80;10184180135;B
20240423;100432;167.24;920;10184180136;B
20240423;100432;167.17;30;10184180156;S
20240423;100432;167.17;500;10184180191;S
20240423;100432;167.17;10;10184180223;S
20240423;100433;167.17;200;10184180236;S
20240423;100433;167.17;300;10184180237;S
20240423;100433;167.16;5210;10184180238;S
20240423;100433;167.16;1000;10184180239;S
20240423;100433;167.16;320;10184180240;S
20240423;100433;167.15;1000;10184180241;S
20240423;100433;167.15;800;10184180242;S
20240423;100433;167.14;1000;10184180243;S
20240423;100433;167.13;1000;10184180244;S
20240423;100433;167.12;1000;10184180245;S
20240423;100433;167.12;1400;10184180246;S
20240423;100433;167.11;1000;10184180247;S
20240423;100433;167.11;610;10184180248;S
20240423;100433;167.1;1000;10184180249;S
20240423;100433;167.1;10;10184180250;S
20240423;100433;167.09;1000;10184180251;S
20240423;100433;167.09;210;10184180252;S
20240423;100433;167.08;1000;10184180253;S
20240423;100433;167.08;210;10184180254;S
20240423;100433;167.07;1000;10184180255;S
20240423;100433;167.07;210;10184180256;S
20240423;100433;167.07;520;10184180257;S
20240423;100433;167.08;40;10184180260;S
20240423;100433;167.17;20;10184180296;B
20240423;100433;167.1;40;10184180301;S
20240423;100433;167.1;190;10184180302;S
20240423;100433;167.17;1060;10184180303;B
20240423;100433;167.17;10;10184180304;B
20240423;100433;167.18;500;10184180305;B
20240423;100433;167.18;40;10184180306;B
20240423;100433;167.18;190;10184180307;B
20240423;100433;167.19;1080;10184180315;B
20240423;100433;167.2;30;10184180316;B
20240423;100433;167.2;90;10184180317;B
20240423;100433;167.13;10;10184180338;S
20240423;100433;167.2;10;10184180339;B
20240423;100433;167.24;40;10184180340;B
20240423;100433;167.15;250;10184180347;S
20240423;100433;167.16;50;10184180349;S
20240423;100433;167.21;40;10184180393;B
20240423;100437;167.18;310;10184180925;S
20240423;100437;167.18;70;10184180926;S
20240423;100437;167.15;120;10184180927;S
20240423;100438;167.17;20;10184180961;B
20240423;100438;167.15;880;10184180992;S
20240423;100438;167.15;310;10184180993;S
20240423;100438;167.14;1000;10184180994;S
20240423;100438;167.14;300;10184180995;S
20240423;100438;167.13;1000;10184180996;S
20240423;100438;167.13;210;10184180997;S
20240423;100438;167.12;1000;10184180998;S
20240423;100438;167.12;4220;10184180999;S
20240423;100439;167.15;10;10184181235;B
20240423;100439;167.17;160;10184181236;B
20240423;100439;167.17;310;10184181237;B
20240423;100439;167.18;250;10184181238;B
20240423;100439;167.18;300;10184181239;B
20240423;100439;167.19;10;10184181240;B
20240423;100439;167.2;450;10184181241;B
20240423;100439;167.22;40;10184181242;B
20240423;100439;167.23;180;10184181243;B
20240423;100439;167.23;230;10184181244;B
20240423;100439;167.24;10;10184181245;B
20240423;100439;167.24;1080;10184181246;B
20240423;100439;167.24;100;10184181247;B
20240423;100439;167.24;900;10184181248;B
20240423;100439;167.24;1000;10184181249;B
20240423;100439;167.25;1880;10184181250;B
20240423;100439;167.25;40;10184181251;B
20240423;100439;167.25;1000;10184181252;B
20240423;100439;167.26;1000;10184181253;B
20240423;100439;167.27;10;10184181254;B
20240423;100439;167.27;500;10184181255;B
20240423;100439;167.27;10;10184181256;B
20240423;100439;167.27;1000;10184181257;B
20240423;100439;167.28;10;10184181258;B
20240423;100439;167.28;1000;10184181259;B
20240423;100439;167.28;8000;10184181260;B
20240423;100439;167.29;10;10184181261;B
20240423;100439;167.29;5000;10184181262;B
20240423;100439;167.29;1600;10184181263;B
20240423;100439;167.29;30;10184181264;B
20240423;100439;167.29;1000;10184181265;B
20240423;100439;167.29;210;10184181266;B
20240423;100439;167.3;150;10184181267;B
20240423;100439;167.3;10;10184181268;B
20240423;100439;167.3;10;10184181269;B
20240423;100439;167.3;50;10184181270;B
20240423;100439;167.3;100;10184181271;B
20240423;100439;167.3;800;10184181272;B
20240423;100439;167.3;30;10184181273;B
20240423;100439;167.3;10;10184181274;B
20240423;100439;167.3;1000;10184181275;B
20240423;100439;167.3;210;10184181276;B
20240423;100439;167.31;3100;10184181277;B
20240423;100439;167.31;40;10184181278;B
20240423;100439;167.31;3850;10184181279;B
20240423;100439;167.31;10;10184181280;B
20240423;100439;167.31;10;10184181281;B
20240423;100439;167.31;210;10184181282;B
20240423;100439;167.31;1000;10184181283;B
20240423;100439;167.31;610;10184181284;B
20240423;100439;167.31;8000;10184181285;B
20240423;100439;167.32;1000;10184181286;B
20240423;100439;167.32;210;10184181287;B
20240423;100439;167.33;20;10184181288;B
20240423;100439;167.33;30;10184181289;B
20240423;100439;167.33;1000;10184181290;B
20240423;100439;167.33;1200;10184181291;B
20240423;100440;167.21;300;10184181377;S
20240423;100440;167.21;1000;10184181378;S
20240423;100440;167.21;610;10184181379;S
20240423;100440;167.21;800;10184181380;S
20240423;100440;167.2;7290;10184181381;S
20240423;100440;167.29;300;10184181382;B
20240423;100440;167.3;240;10184181383;B
20240423;100440;167.31;150;10184181384;B
20240423;100440;167.21;20;10184181410;S
20240423;100440;167.21;150;10184181440;S
20240423;100441;167.21;200;10184181523;S
20240423;100441;167.21;20;10184181539;S
20240423;100441;167.27;60;10184181587;B
20240423;100441;167.27;650;10184181592;B
20240423;100442;167.27;10;10184181653;B
20240423;100442;167.21;10;10184181720;S
20240423;100442;167.21;30;10184181738;S
20240423;100444;167.21;70;10184182046;S
20240423;100444;167.27;210;10184182069;B
20240423;100444;167.27;770;10184182070;B
20240423;100444;167.27;310;10184182071;B
20240423;100444;167.27;190;10184182072;B
20240423;100444;167.27;120;10184182073;B
20240423;100444;167.27;1080;10184182092;B
20240423;100444;167.28;500;10184182093;B
20240423;100444;167.29;310;10184182094;B
20240423;100444;167.29;300;10184182095;B
20240423;100444;167.32;1880;10184182096;B
20240423;100444;167.32;800;10184182097;B
20240423;100444;167.33;40;10184182098;B
20240423;100444;167.34;10;10184182099;B
20240423;100444;167.34;60;10184182100;B
20240423;100444;167.36;10;10184182101;B
20240423;100444;167.36;10;10184182102;B
20240423;100444;167.36;500;10184182103;B
20240423;100444;167.36;1000;10184182104;B
20240423;100444;167.37;20;10184182105;B
20240423;100444;167.37;280;10184182106;B
20240423;100444;167.37;10;10184182107;B
20240423;100444;167.37;210;10184182108;B
20240423;100444;167.37;1000;10184182109;B
20240423;100444;167.38;50;10184182110;B
20240423;100444;167.38;50;10184182111;B
20240423;100444;167.38;19000;10184182112;B
20240423;100444;167.38;210;10184182113;B
20240423;100444;167.38;1000;10184182114;B
20240423;100444;167.38;610;10184182115;B
20240423;100444;167.39;50;10184182116;B
20240423;100444;167.39;10;10184182117;B
20240423;100444;167.39;200;10184182118;B
20240423;100444;167.39;1000;10184182119;B
20240423;100445;167.3;50;10184182140;B
20240423;100445;167.29;200;10184182163;S
20240423;100445;167.29;100;10184182166;S
20240423;100445;167.28;50;10184182168;S
20240423;100445;167.29;100;10184182198;B
20240423;100445;167.31;10;10184182199;B
20240423;100445;167.34;90;10184182200;B
20240423;100445;167.34;70;10184182239;B
20240423;100445;167.28;10;10184182278;S
20240423;100446;167.34;920;10184182429;B
20240423;100446;167.34;30;10184182430;B
20240423;100446;167.35;3050;10184182431;B
20240423;100446;167.35;50;10184182454;B
20240423;100446;167.36;300;10184182455;B
20240423;100446;167.37;10;10184182456;B
20240423;100446;167.37;100;10184182457;B
20240423;100447;167.35;1080;10184182488;B
20240423;100447;167.36;300;10184182489;B
20240423;100447;167.36;300;10184182490;B
20240423;100447;167.37;300;10184182492;B
20240423;100447;167.37;200;10184182512;B
20240423;100447;167.38;800;10184182513;B
20240423;100447;167.37;300;10184182514;S
20240423;100447;167.36;50;10184182529;S
20240423;100448;167.37;20;10184182684;B
20240423;100448;167.37;180;10184182746;B
20240423;100448;167.37;1400;10184182747;B
20240423;100448;167.36;10;10184182775;S
20240423;100448;167.36;20;10184182776;S
20240423;100448;167.37;500;10184182805;B
20240423;100448;167.37;1020;10184182806;B
20240423;100450;167.36;50;10184183004;S
20240423;100450;167.36;16190;10184183178;S
20240423;100450;167.36;310;10184183179;S
20240423;100450;167.36;300;10184183180;S
20240423;100450;167.36;30;10184183181;S
20240423;100450;167.34;500;10184183182;S
20240423;100451;167.34;1450;10184183322;S
20240423;100451;167.33;330;10184183323;S
20240423;100451;167.32;1000;10184183324;S
20240423;100451;167.31;1000;10184183325;S
20240423;100451;167.31;300;10184183326;S
20240423;100451;167.31;800;10184183327;S
20240423;100451;167.3;120;10184183328;S
20240423;100451;167.27;30;10184183374;S
20240423;100451;167.27;1390;10184183444;S
20240423;100451;167.27;300;10184183445;S
20240423;100451;167.26;330;10184183446;S
20240423;100451;167.25;1000;10184183447;S
20240423;100451;167.24;1000;10184183448;S
20240423;100451;167.24;210;10184183449;S
20240423;100451;167.24;800;10184183450;S
20240423;100451;167.23;1000;10184183451;S
20240423;100451;167.23;210;10184183452;S
20240423;100451;167.22;1000;10184183453;S
20240423;100451;167.22;210;10184183454;S
20240423;100451;167.22;20;10184183455;S
20240423;100451;167.22;600;10184183456;S
20240423;100451;167.21;10;10184183457;S
20240423;100451;167.21;210;10184183458;S
20240423;100451;167.21;1000;10184183459;S
20240423;100451;167.21;10;10184183460;S
20240423;100451;167.21;1000;10184183461;S
20240423;100451;167.21;1000;10184183462;S
20240423;100451;167.21;610;10184183463;S
20240423;100451;167.21;400;10184183464;S
20240423;100452;167.21;100;10184183477;S
20240423;100452;167.21;500;10184183479;S
20240423;100452;167.24;10;10184183568;B
20240423;100452;167.27;290;10184183569;B
20240423;100452;167.28;60;10184183576;B
20240423;100452;167.2;210;10184183622;S
20240423;100452;167.2;90;10184183623;S
20240423;100452;167.2;10;10184183633;S
20240423;100453;167.28;10;10184183863;B
20240423;100454;167.28;50;10184183957;B
20240423;100454;167.2;400;10184184009;S
20240423;100454;167.2;10;10184184104;S
20240423;100455;167.2;10;10184184211;S
20240423;100455;167.2;1360;10184184212;S
20240423;100455;167.2;1000;10184184213;S
20240423;100455;167.2;330;10184184214;S
20240423;100455;167.2;800;10184184215;S
20240423;100455;167.2;210;10184184216;S
20240423;100455;167.19;210;10184184217;S
20240423;100455;167.19;50;10184184218;S
20240423;100455;167.19;1000;10184184219;S
20240423;100455;167.18;210;10184184220;S
20240423;100455;167.18;1000;10184184221;S
20240423;100455;167.18;3600;10184184222;S
20240423;100455;167.17;210;10184184223;S
20240423;100455;167.17;1000;10184184224;S
20240423;100455;167.17;940;10184184225;S
20240423;100455;167.24;300;10184184250;B
20240423;100455;167.25;330;10184184251;B
20240423;100455;167.27;340;10184184252;B
20240423;100455;167.28;380;10184184253;B
20240423;100455;167.28;80;10184184254;B
20240423;100455;167.29;1500;10184184255;B
20240423;100455;167.3;1000;10184184256;B
20240423;100455;167.31;1000;10184184257;B
20240423;100455;167.32;1000;10184184258;B
20240423;100455;167.32;50;10184184259;B
20240423;100455;167.33;1000;10184184260;B
20240423;100455;167.34;1000;10184184261;B
20240423;100455;167.34;3600;10184184262;B
20240423;100455;167.35;610;10184184263;B
20240423;100455;167.35;1000;10184184264;B
20240423;100455;167.35;90;10184184265;B
20240423;100455;167.35;210;10184184266;B
20240423;100455;167.36;3170;10184184267;B
20240423;100455;167.36;1000;10184184268;B
20240423;100455;167.36;210;10184184269;B
20240423;100455;167.36;8000;10184184270;B
20240423;100455;167.37;310;10184184271;B
20240423;100455;167.37;1000;10184184272;B
20240423;100455;167.37;210;10184184273;B
20240423;100455;167.38;500;10184184274;B
20240423;100455;167.38;1000;10184184275;B
20240423;100455;167.38;210;10184184276;B
20240423;100455;167.39;1000;10184184277;B
20240423;100455;167.39;210;10184184278;B
20240423;100455;167.39;600;10184184279;B
20240423;100455;167.4;10;10184184280;B
20240423;100455;167.4;10;10184184281;B
20240423;100455;167.4;200;10184184282;B
20240423;100455;167.4;10;10184184283;B
20240423;100455;167.4;10;10184184284;B
20240423;100455;167.4;200;10184184285;B
20240423;100455;167.4;1000;10184184286;B
20240423;100455;167.4;210;10184184287;B
20240423;100455;167.4;20;10184184288;B
20240423;100455;167.4;1880;10184184289;B
20240423;100455;167.41;10;10184184290;B
20240423;100455;167.41;210;10184184291;B
20240423;100455;167.41;1000;10184184292;B
20240423;100455;167.41;30;10184184293;B
20240423;100455;167.42;20;10184184294;B
20240423;100455;167.42;10;10184184295;B
20240423;100455;167.42;120;10184184296;B
20240423;100455;167.42;210;10184184297;B
20240423;100455;167.42;1750;10184184298;B
20240423;100455;167.43;2000;10184184299;B
20240423;100455;167.43;210;10184184300;B
20240423;100455;167.43;7590;10184184301;B
20240423;100455;167.4;200;10184184364;B
20240423;100456;167.33;40;10184184415;S
20240423;100456;167.33;20;10184184478;S
20240423;100457;167.34;500;10184184577;B
20240423;100459;167.33;40;10184184996;S
20240423;100501;167.33;20;10184185340;S
20240423;100501;167.32;250;10184185346;S
20240423;100501;167.32;10;10184185359;S
20240423;100501;167.32;170;10184185404;S
20240423;100502;167.32;10;10184185533;S
20240423;100503;167.32;10;10184185611;S
20240423;100503;167.34;1000;10184185801;B
20240423;100503;167.34;10;10184185802;B
20240423;100503;167.34;500;10184185803;B
20240423;100503;167.34;10;10184185804;B
20240423;100503;167.35;90;10184185805;B
20240423;100504;167.36;10;10184185823;B
20240423;100504;167.32;400;10184185828;S
20240423;100504;167.32;200;10184185829;S
20240423;100504;167.33;430;10184185830;S
20240423;100504;167.32;570;10184185831;S
20240423;100504;167.36;50;10184185843;B
20240423;100504;167.37;200;10184185844;B
20240423;100504;167.37;300;10184185845;B
20240423;100504;167.37;100;10184185973;S
20240423;100504;167.35;100;10184185974;S
20240423;100504;167.35;10;10184185976;S
20240423;100504;167.35;90;10184185990;S
20240423;100505;167.37;20;10184186298;S
20240423;100506;167.36;10;10184186357;S
20240423;100506;167.37;1000;10184186402;S
20240423;100506;167.38;300;10184186424;B
20240423;100506;167.39;700;10184186425;B
20240423;100506;167.38;300;10184186486;B
20240423;100506;167.39;3000;10184186487;B
20240423;100507;167.39;50;10184186616;B
20240423;100507;167.34;320;10184186623;S
20240423;100507;167.34;680;10184186624;S
20240423;100508;167.38;300;10184186916;B
20240423;100508;167.39;1700;10184186917;B
20240423;100509;167.39;20;10184186944;B
20240423;100509;167.37;10;10184187090;B
20240423;100509;167.39;120;10184187091;B
20240423;100509;167.33;210;10184187132;S
20240423;100509;167.33;800;10184187133;S
20240423;100509;167.33;300;10184187134;S
20240423;100509;167.32;190;10184187135;S
20240423;100510;167.32;40;10184187173;S
20240423;100510;167.32;460;10184187174;S
20240423;100511;167.32;200;10184187354;S
20240423;100511;167.33;20;10184187445;B
20240423;100512;167.33;300;10184187625;B
20240423;100514;167.32;1500;10184188138;S
20240423;100515;167.32;420;10184188399;S
20240423;100515;167.32;80;10184188400;S
20240423;100516;167.33;380;10184188554;B
20240423;100516;167.33;10;10184188555;B
20240423;100516;167.34;310;10184188556;B
20240423;100516;167.34;250;10184188557;B
20240423;100516;167.34;80;10184188558;B
20240423;100516;167.35;100;10184188559;B
20240423;100516;167.37;300;10184188560;B
20240423;100516;167.38;1080;10184188561;B
20240423;100516;167.38;1500;10184188562;B
20240423;100516;167.39;1050;10184188563;B
20240423;100516;167.33;30;10184188586;S
20240423;100516;167.38;1000;10184188609;B
20240423;100517;167.34;20;10184188708;B
20240423;100517;167.38;180;10184188715;S
20240423;100517;167.36;70;10184188716;S
20240423;100517;167.35;500;10184188718;S
20240423;100517;167.32;200;10184188820;S
20240423;100517;167.38;30;10184188835;B
20240423;100518;167.37;30;10184189171;B
20240423;100518;167.37;100;10184189221;B
20240423;100519;167.32;10;10184189251;S
20240423;100520;167.33;250;10184189493;S
20240423;100520;167.33;200;10184189593;S
20240423;100520;167.33;380;10184189594;S
20240423;100521;167.32;1010;10184189790;S
20240423;100521;167.32;1470;10184189791;S
20240423;100521;167.32;300;10184189792;S
20240423;100521;167.33;50;10184189809;B
20240423;100523;167.32;10;10184190013;S
20240423;100523;167.32;10;10184190096;S
20240423;100523;167.33;70;10184190119;B
20240423;100524;167.32;2180;10184190264;S
20240423;100524;167.32;400;10184190309;S
20240423;100525;167.32;670;10184190387;S
20240423;100525;167.31;200;10184190388;S
20240423;100526;167.32;30;10184190608;B
20240423;100527;167.3;120;10184190731;S
20240423;100528;167.3;180;10184190854;S
20240423;100528;167.3;90;10184190855;S
20240423;100528;167.28;430;10184190856;S
20240423;100528;167.28;1450;10184190872;S
20240423;100528;167.28;300;10184190873;S
20240423;100528;167.27;10;10184190874;S
20240423;100528;167.27;800;10184190875;S
20240423;100528;167.26;1000;10184190876;S
20240423;100528;167.26;1400;10184190877;S
20240423;100528;167.26;10;10184190878;S
20240423;100528;167.25;1000;10184190879;S
20240423;100528;167.25;300;10184190880;S
20240423;100528;167.24;730;10184190881;S
20240423;100528;167.24;270;10184190883;S
20240423;100528;167.24;30;10184190884;S
20240423;100528;167.29;300;10184190983;B
20240423;100528;167.3;1080;10184190984;B
20240423;100528;167.3;300;10184190985;B
20240423;100528;167.31;10;10184190986;B
20240423;100528;167.32;300;10184190987;B
20240423;100528;167.33;10;10184190988;B
20240423;100528;167.33;610;10184190989;B
20240423;100528;167.35;300;10184190990;B
20240423;100528;167.35;100;10184190991;B
20240423;100528;167.36;1500;10184190992;B
20240423;100528;167.36;490;10184190993;B
20240423;100529;167.27;500;10184191214;S
20240423;100529;167.23;10;10184191281;S
20240423;100530;167.29;300;10184191593;B
20240423;100530;167.3;700;10184191594;B
20240423;100530;167.23;10;10184191640;S
20240423;100532;167.3;60;10184191913;B
20240423;100532;167.23;300;10184191939;S
20240423;100532;167.23;700;10184191940;S
20240423;100533;167.29;300;10184192135;B
20240423;100533;167.29;300;10184192136;B
20240423;100533;167.3;190;10184192137;B
20240423;100533;167.32;1210;10184192138;B
20240423;100534;167.23;10;10184192398;S
20240423;100535;167.29;300;10184192499;B
20240423;100535;167.3;200;10184192500;B
20240423;100535;167.23;150;10184192628;S
20240423;100537;167.23;1020;10184193025;S
20240423;100537;167.23;300;10184193026;S
20240423;100537;167.22;40;10184193027;S
20240423;100537;167.22;800;10184193028;S
20240423;100537;167.22;290;10184193029;S
20240423;100537;167.21;1200;10184193030;S
20240423;100537;167.21;10;10184193031;S
20240423;100537;167.2;210;10184193032;S
20240423;100537;167.2;1000;10184193033;S
20240423;100537;167.2;110;10184193034;S
20240423;100537;167.2;610;10184193035;S
20240423;100539;167.15;210;10184193256;S
20240423;100539;167.14;210;10184193257;S
20240423;100539;167.14;290;10184193258;S
20240423;100539;167.13;210;10184193259;S
20240423;100539;167.13;50;10184193260;S
20240423;100539;167.12;400;10184193261;S
20240423;100539;167.12;1000;10184193262;S
20240423;100539;167.12;210;10184193263;S
20240423;100539;167.12;800;10184193264;S
20240423;100539;167.12;1880;10184193265;S
20240423;100539;167.11;10;10184193266;S
20240423;100539;167.11;6790;10184193267;S
20240423;100539;167.16;100;10184193337;B
20240423;100540;167.17;290;10184193419;B
20240423;100540;167.17;300;10184193420;B
20240423;100540;167.19;1500;10184193421;B
20240423;100540;167.19;1080;10184193422;B
20240423;100540;167.2;4410;10184193423;B
20240423;100540;167.23;610;10184193424;B
20240423;100540;167.24;800;10184193425;B
20240423;100540;167.25;1100;10184193426;B
20240423;100540;167.25;1000;10184193427;B
20240423;100540;167.26;3910;10184193428;B
20240423;100540;167.2;300;10184193446;B
20240423;100540;167.19;100;10184193447;S
20240423;100541;167.18;100;10184193539;S
20240423;100542;167.18;30;10184193860;S
20240423;100542;167.17;170;10184193861;S
20240423;100544;167.24;30;10184194065;B
20240423;100544;167.24;2000;10184194066;B
20240423;100544;167.26;300;10184194067;B
20240423;100544;167.29;290;10184194068;B
20240423;100544;167.3;40;10184194069;B
20240423;100544;167.3;20;10184194070;B
20240423;100544;167.3;100;10184194071;B
20240423;100544;167.3;500;10184194072;B
20240423;100544;167.3;1320;10184194073;B
20240423;100544;167.31;610;10184194074;B
20240423;100544;167.31;20;10184194075;B
20240423;100544;167.32;1000;10184194076;B
20240423;100544;167.32;210;10184194077;B
20240423;100544;167.32;1500;10184194078;B
20240423;100544;167.32;1080;10184194079;B
20240423;100544;167.33;2500;10184194080;B
20240423;100544;167.33;10;10184194081;B
20240423;100544;167.33;1000;10184194082;B
20240423;100544;167.33;210;10184194083;B
20240423;100544;167.33;8000;10184194084;B
20240423;100544;167.34;10;10184194085;B
20240423;100544;167.34;1000;10184194086;B
20240423;100544;167.34;210;10184194087;B
20240423;100544;167.34;1880;10184194088;B
20240423;100544;167.35;1000;10184194089;B
20240423;100544;167.35;1000;10184194090;B
20240423;100544;167.35;210;10184194091;B
20240423;100544;167.36;1000;10184194092;B
20240423;100544;167.36;210;10184194093;B
20240423;100544;167.36;7740;10184194094;B
20240423;100544;167.28;300;10184194099;S
20240423;100544;167.28;10;10184194224;S
20240423;100547;167.29;670;10184194652;S
20240423;100547;167.28;280;10184194653;S
20240423;100547;167.28;1000;10184194654;S
20240423;100547;167.27;610;10184194655;S
20240423;100547;167.27;1000;10184194656;S
20240423;100547;167.27;300;10184194657;S
20240423;100547;167.26;1000;10184194658;S
20240423;100547;167.25;1000;10184194659;S
20240423;100547;167.25;40;10184194660;S
20240423;100547;167.25;800;10184194661;S
20240423;100547;167.25;800;10184194662;S
20240423;100547;167.24;1000;10184194663;S
20240423;100547;167.23;1000;10184194664;S
20240423;100547;167.23;8000;10184194665;S
20240423;100547;167.22;4680;10184194666;S
20240423;100549;167.27;100;10184194922;B
20240423;100550;167.22;150;10184195285;S
20240423;100551;167.18;10;10184195383;S
20240423;100551;167.18;200;10184195457;S
20240423;100551;167.18;890;10184195458;S
20240423;100554;167.19;30;10184195812;B
20240423;100554;167.2;50;10184195813;B
20240423;100554;167.22;280;10184195814;B
20240423;100554;167.23;300;10184195815;B
20240423;100554;167.24;870;10184195816;B
20240423;100555;167.18;10;10184195989;S
20240423;100555;167.17;40;10184195990;S
20240423;100555;167.16;210;10184196040;S
20240423;100555;167.16;300;10184196041;S
20240423;100555;167.15;210;10184196042;S
20240423;100555;167.15;80;10184196043;S
20240423;100558;167.18;50;10184196544;B
20240423;100558;167.21;270;10184196545;B
20240423;100558;167.22;680;10184196546;B
20240423;100558;167.17;270;10184196554;S
20240423;100558;167.15;210;10184196555;S
20240423;100558;167.15;340;10184196556;S
20240423;100558;167.15;300;10184196557;S
20240423;100558;167.14;210;10184196558;S
20240423;100558;167.14;1000;10184196559;S
20240423;100558;167.14;120;10184196560;S
20240423;100558;167.14;3600;10184196561;S
20240423;100558;167.13;210;10184196562;S
20240423;100558;167.13;30;10184196563;S
20240423;100558;167.18;90;10184196638;S
20240423;100559;167.19;60;10184196783;B
20240423;100559;167.19;410;10184196784;S
20240423;100559;167.13;210;10184196785;S
20240423;100559;167.13;290;10184196786;S
20240423;100600;167.13;100;10184196956;S
20240423;100603;167.13;260;10184197321;S
20240423;100603;167.13;340;10184197322;S
20240423;100603;167.18;90;10184197360;B
20240423;100603;167.18;500;10184197373;B
20240423;100605;167.13;660;10184197724;S
20240423;100605;167.13;170;10184197725;S
20240423;100605;167.13;170;10184197726;S
20240423;100606;167.13;2980;10184197813;S
20240423;100606;167.12;210;10184197814;S
20240423;100606;167.12;7610;10184197815;S
20240423;100610;167.13;30;10184198633;S
20240423;100611;167.16;60;10184198763;B
20240423;100611;167.16;10;10184198885;B
20240423;100612;167.16;220;10184198930;S
20240423;100612;167.14;30;10184198931;S
20240423;100613;167.13;70;10184199169;S
20240423;100613;167.13;230;10184199170;S
20240423;100617;167.15;20;10184199926;B
20240423;100617;167.15;30;10184200010;B
20240423;100617;167.15;30;10184200036;B
20240423;100618;167.12;50;10184200112;S
20240423;100618;167.12;10;10184200184;S
20240423;100620;167.15;10;10184200424;B
20240423;100621;167.12;200;10184200469;S
20240423;100621;167.12;50;10184200470;S
20240423;100621;167.15;10;10184200479;B
20240423;100621;167.15;20;10184200616;B
20240423;100621;167.15;310;10184200617;B
20240423;100622;167.14;50;10184200661;S
20240423;100623;167.14;730;10184200886;S
20240423;100624;167.14;20;10184201201;B
20240423;100625;167.14;10;10184201329;B
20240423;100626;167.14;970;10184201438;B
20240423;100626;167.14;30;10184201439;B
20240423;100627;167.14;100;10184201660;B
20240423;100629;167.12;800;10184202032;B
20240423;100632;167.11;800;10184202350;B
20240423;100632;167.13;800;10184202351;B
20240423;100632;167.14;10;10184202352;B
20240423;100632;167.15;490;10184202353;B
20240423;100632;167.16;10;10184202355;B
20240423;100632;167.16;10;10184202356;S
20240423;100632;167.17;80;10184202386;S
20240423;100632;167.17;100;10184202517;S
20240423;100633;167.16;640;10184202573;S
20240423;100635;167.16;40;10184202958;S
20240423;100635;167.16;40;10184202964;S
20240423;100635;167.17;10;10184202996;B
20240423;100636;167.18;10;10184203043;B
20240423;100636;167.16;10;10184203060;S
20240423;100636;167.16;60;10184203064;S
20240423;100636;167.16;90;10184203065;S
20240423;100638;167.17;10;10184203426;S
20240423;100641;167.17;10;10184203903;S
20240423;100642;167.18;190;10184204077;B
20240423;100642;167.18;60;10184204078;B
20240423;100643;167.19;2300;10184204127;B
20240423;100643;167.19;50;10184204128;B
20240423;100643;167.2;80;10184204129;B
20240423;100643;167.2;60;10184204130;B
20240423;100643;167.2;30;10184204153;S
20240423;100643;167.21;30;10184204154;B
20240423;100643;167.25;200;10184204198;B
20240423;100643;167.25;70;10184204199;B
20240423;100643;167.26;650;10184204200;B
20240423;100643;167.27;240;10184204201;B
20240423;100643;167.28;250;10184204202;B
20240423;100643;167.28;100;10184204203;B
20240423;100643;167.29;100;10184204204;B
20240423;100643;167.29;390;10184204205;B
20240423;100644;167.25;10;10184204283;S
20240423;100646;167.27;10;10184204716;B
20240423;100647;167.25;240;10184204769;S
20240423;100647;167.24;1080;10184204770;S
20240423;100647;167.24;1500;10184204771;S
20240423;100647;167.24;200;10184204772;S
20240423;100647;167.23;800;10184204773;S
20240423;100647;167.23;1000;10184204774;S
20240423;100647;167.23;300;10184204775;S
20240423;100647;167.22;1000;10184204776;S
20240423;100647;167.22;10;10184204777;S
20240423;100647;167.21;1000;10184204778;S
20240423;100647;167.21;30;10184204779;S
20240423;100647;167.2;1000;10184204780;S
20240423;100647;167.2;210;10184204781;S
20240423;100647;167.2;2500;10184204782;S
20240423;100647;167.19;1000;10184204783;S
20240423;100647;167.19;210;10184204784;S
20240423;100647;167.19;80;10184204785;S
20240423;100647;167.19;610;10184204786;S
20240423;100647;167.18;1000;10184204787;S
20240423;100647;167.18;210;10184204788;S
20240423;100647;167.18;3600;10184204789;S
20240423;100647;167.17;1000;10184204790;S
20240423;100647;167.17;210;10184204791;S
20240423;100647;167.17;6000;10184204792;S
20240423;100647;167.17;8000;10184204793;S
20240423;100647;167.16;910;10184204794;S
20240423;100647;167.16;210;10184204795;S
20240423;100647;167.15;1000;10184204796;S
20240423;100647;167.15;210;10184204797;S
20240423;100647;167.15;6500;10184204798;S
20240423;100647;167.15;8000;10184204799;S
20240423;100647;167.14;1000;10184204800;S
20240423;100647;167.14;200;10184204801;S
20240423;100647;167.14;50;10184204802;S
20240423;100647;167.14;210;10184204803;S
20240423;100647;167.14;1880;10184204804;S
20240423;100647;167.13;18400;10184204805;S
20240423;100647;167.13;1000;10184204806;S
20240423;100647;167.13;210;10184204807;S
20240423;100647;167.13;730;10184204808;S
20240423;100647;167.13;8000;10184204809;S
20240423;100647;167.12;1000;10184204810;S
20240423;100647;167.12;210;10184204811;S
20240423;100647;167.12;4270;10184204812;S
20240423;100647;167.12;6000;10184204813;S
20240423;100647;167.12;1280;10184204814;S
20240423;100647;167.11;210;10184204815;S
20240423;100647;167.11;800;10184204816;S
20240423;100647;167.1;10;10184204817;S
20240423;100647;167.1;10;10184204818;S
20240423;100647;167.1;10;10184204819;S
20240423;100647;167.1;2000;10184204820;S
20240423;100647;167.1;10;10184204821;S
20240423;100647;167.09;2890;10184204822;S
20240423;100647;167.12;800;10184204992;S
20240423;100647;167.12;20;10184205095;B
20240423;100648;167.12;800;10184205266;B
20240423;100648;167.12;1000;10184205267;B
20240423;100648;167.12;80;10184205268;B
20240423;100648;167.12;300;10184205269;B
20240423;100648;167.13;620;10184205270;B
20240423;100648;167.13;180;10184205271;B
20240423;100648;167.13;250;10184205272;B
20240423;100648;167.13;2060;10184205273;B
20240423;100648;167.17;500;10184205274;B
20240423;100650;167.12;700;10184205666;S
20240423;100650;167.12;1400;10184205667;S
20240423;100650;167.12;2500;10184205668;S
20240423;100650;167.12;400;10184205669;S
20240423;100653;167.14;500;10184206023;B
20240423;100654;167.12;80;10184206159;S
20240423;100655;167.12;180;10184206256;S
20240423;100656;167.14;10;10184206446;B
20240423;100656;167.12;340;10184206511;S
20240423;100656;167.11;170;10184206512;S
20240423;100657;167.14;90;10184206603;B
20240423;100657;167.15;70;10184206604;B
20240423;100657;167.16;250;10184206605;B
20240423;100657;167.17;590;10184206606;B
20240423;100704;167.16;10;10184208147;B
20240423;100704;167.17;800;10184208161;B
20240423;100704;167.17;10;10184208162;B
20240423;100704;167.17;1190;10184208163;B
20240423;100705;167.17;980;10184208236;B
20240423;100705;167.17;800;10184208237;B
20240423;100705;167.17;240;10184208248;S
20240423;100708;167.18;250;10184208931;B
20240423;100708;167.18;800;10184208932;B
20240423;100708;167.19;950;10184208933;B
20240423;100712;167.19;10;10184209521;B
20240423;100714;167.17;100;10184210123;S
20240423;100714;167.17;20;10184210161;S
20240423;100717;167.19;40;10184210866;B
20240423;100717;167.19;50;10184210867;B
20240423;100717;167.19;750;10184210868;B
20240423;100721;167.18;1000;10184211333;B
20240423;100721;167.18;270;10184211334;B
20240423;100721;167.19;50;10184211335;B
20240423;100721;167.19;1000;10184211336;B
20240423;100721;167.19;500;10184211337;B
20240423;100721;167.19;3180;10184211338;B
20240423;100722;167.18;160;10184211463;S
20240423;100722;167.19;10;10184211486;B
20240423;100725;167.17;10;10184212100;S
20240423;100727;167.18;250;10184212374;S
20240423;100728;167.18;830;10184212625;S
20240423;100728;167.17;270;10184212626;S
20240423;100729;167.17;580;10184212715;S
20240423;100729;167.17;250;10184212716;S
20240423;100729;167.17;4170;10184212717;S
20240423;100732;167.17;100;10184213224;S
20240423;100733;167.17;10;10184213499;S
20240423;100734;167.19;310;10184213657;B
20240423;100734;167.19;10;10184213658;B
20240423;100734;167.2;1680;10184213659;B
20240423;100736;167.18;10;10184214071;S
20240423;100736;167.17;120;10184214072;S
20240423;100736;167.17;220;10184214073;S
20240423;100736;167.17;20;10184214074;S
20240423;100739;167.19;50;10184214606;B
20240423;100739;167.19;100;10184214676;B
20240423;100740;167.17;20;10184214725;S
20240423;100741;167.19;10;10184214977;B
20240423;100742;167.17;100;10184215096;S
20240423;100750;167.17;10;10184216537;S
20240423;100750;167.17;320;10184216538;S
20240423;100750;167.17;870;10184216539;S
20240423;100751;167.18;100;10184216727;B
20240423;100755;167.17;140;10184217248;S
20240423;100755;167.17;30;10184217249;S
20240423;100755;167.18;10;10184217266;B
20240423;100755;167.17;250;10184217327;S
20240423;100755;167.18;2540;10184217385;B
20240423;100755;167.18;280;10184217386;B
20240423;100755;167.18;300;10184217387;B
20240423;100755;167.18;800;10184217388;B
20240423;100755;167.18;1080;10184217389;B
20240423;100755;167.18;1920;10184217397;B
20240423;100755;167.18;1080;10184217398;B
20240423;100759;167.18;10;10184217906;B
20240423;100800;167.18;20;10184218029;B
20240423;100800;167.18;3680;10184218098;B
20240423;100800;167.18;10;10184218099;B
20240423;100800;167.18;280;10184218100;B
20240423;100800;167.18;250;10184218101;B
20240423;100801;167.18;1720;10184218177;B
20240423;100801;167.19;640;10184218178;B
20240423;100801;167.19;200;10184218179;B
20240423;100801;167.19;4000;10184218180;B
20240423;100801;167.19;280;10184218181;B
20240423;100801;167.2;100;10184218182;B
20240423;100801;167.2;6320;10184218183;B
20240423;100801;167.21;10;10184218186;B
20240423;100801;167.21;990;10184218187;B
20240423;100801;167.24;130;10184218188;B
20240423;100803;167.23;30;10184218426;S
20240423;100804;167.24;170;10184218673;B
20240423;100805;167.25;20;10184218818;S
20240423;100805;167.25;10;10184218823;S
20240423;100807;167.25;130;10184219097;S
20240423;100807;167.24;280;10184219098;S
20240423;100807;167.24;610;10184219099;S
20240423;100807;167.23;300;10184219100;S
20240423;100808;167.22;610;10184219317;S
20240423;100808;167.21;120;10184219318;S
20240423;100809;167.23;20;10184219507;B
20240423;100810;167.23;20;10184219607;B
20240423;100810;167.21;100;10184219630;S
20240423;100810;167.23;1000;10184219656;B
20240423;100811;167.22;100;10184219703;S
20240423;100811;167.22;10;10184219745;S
20240423;100811;167.22;10;10184219761;S
20240423;100815;167.21;280;10184220351;S
20240423;100815;167.21;1080;10184220352;S
20240423;100815;167.21;400;10184220353;S
20240423;100815;167.2;1240;10184220354;S
20240423;100815;167.2;300;10184220355;S
20240423;100815;167.18;1000;10184220356;S
20240423;100815;167.18;150;10184220357;S
20240423;100815;167.18;10;10184220358;S
20240423;100815;167.18;10;10184220359;S
20240423;100815;167.18;1500;10184220360;S
20240423;100815;167.17;30;10184220361;S
20240423;100815;167.17;1000;10184220362;S
20240423;100816;167.19;110;10184220596;S
20240423;100818;167.22;20;10184220823;B
20240423;100818;167.22;20;10184220931;B
20240423;100819;167.22;10;10184221026;B
20240423;100819;167.22;60;10184221027;B
20240423;100820;167.2;50;10184221135;B
20240423;100820;167.23;2910;10184221136;B
20240423;100820;167.23;40;10184221137;B
20240423;100823;167.19;380;10184221629;S
20240423;100824;167.24;50;10184221683;B
20240423;100824;167.23;100;10184221687;S
20240423;100825;167.23;300;10184221791;S
20240423;100825;167.21;270;10184221792;S
20240423;100825;167.19;70;10184221793;S
20240423;100827;167.21;10;10184222067;B
20240423;100827;167.23;10;10184222068;B
20240423;100828;167.19;10;10184222377;S
20240423;100830;167.2;300;10184222601;B
20240423;100830;167.2;270;10184222602;B
20240423;100830;167.2;10;10184222603;B
20240423;100830;167.22;10;10184222604;B
20240423;100830;167.22;910;10184222605;B
20240423;100831;167.19;10;10184222745;B
20240423;100831;167.2;60;10184222746;B
20240423;100834;167.19;10;10184223116;B
20240423;100834;167.2;10;10184223117;B
20240423;100835;167.16;30;10184223211;S
20240423;100835;167.16;40;10184223212;S
20240423;100836;167.19;50;10184223321;B
20240423;100836;167.19;100;10184223353;B
20240423;100838;167.18;10;10184223595;B
20240423;100838;167.19;10;10184223596;B
20240423;100838;167.19;980;10184223597;B
20240423;100838;167.19;10;10184223605;B
20240423;100838;167.19;40;10184223606;B
20240423;100840;167.19;10;10184223822;S
20240423;100841;167.19;20;10184224150;S
20240423;100841;167.2;10;10184224151;B
20240423;100843;167.19;50;10184224341;S
20240423;100843;167.19;70;10184224346;S
20240423;100843;167.19;10;10184224347;S
20240423;100843;167.19;50;10184224355;S
20240423;100843;167.19;80;10184224357;S
20240423;100843;167.19;20;10184224358;S
20240423;100843;167.19;20;10184224359;S
20240423;100843;167.19;20;10184224360;S
20240423;100843;167.18;20;10184224361;S
20240423;100843;167.17;20;10184224362;S
20240423;100843;167.17;20;10184224363;S
20240423;100843;167.17;30;10184224364;S
20240423;100843;167.17;400;10184224365;S
20240423;100843;167.17;50;10184224370;S
20240423;100843;167.17;60;10184224372;S
20240423;100843;167.17;20;10184224374;S
20240423;100843;167.17;20;10184224376;S
20240423;100843;167.17;20;10184224378;S
20240423;100843;167.17;10;10184224379;S
20240423;100843;167.17;20;10184224383;S
20240423;100843;167.17;10;10184224389;S
20240423;100843;167.17;20;10184224390;S
20240423;100843;167.17;40;10184224391;S
20240423;100843;167.17;30;10184224395;S
20240423;100843;167.17;30;10184224397;S
20240423;100843;167.17;40;10184224400;S
20240423;100843;167.17;560;10184224401;S
20240423;100843;167.16;10;10184224403;S
20240423;100843;167.16;1990;10184224430;S
20240423;100843;167.16;270;10184224431;S
20240423;100844;167.15;10;10184224512;S
20240423;100845;167.15;250;10184224603;S
20240423;100846;167.16;50;10184224647;B
20240423;100849;167.16;300;10184225218;B
20240423;100850;167.15;1750;10184225256;S
20240423;100850;167.15;2260;10184225257;S
20240423;100850;167.15;200;10184225360;S
20240423;100852;167.16;300;10184225585;B
20240423;100852;167.15;140;10184225587;S
20240423;100854;167.15;1000;10184225936;S
20240423;100855;167.15;1160;10184225995;S
20240423;100855;167.15;840;10184225996;B
20240423;100855;167.15;300;10184225997;S
20240423;100855;167.16;60;10184226048;B
20240423;100856;167.16;1000;10184226107;B
20240423;100857;167.15;50;10184226255;S
20240423;100858;167.16;30;10184226411;B
20240423;100858;167.16;470;10184226412;B
20240423;100858;167.15;10;10184226427;S
20240423;100859;167.16;50;10184226505;B
20240423;100900;167.15;10;10184226695;S
20240423;100900;167.15;90;10184226696;S
20240423;100904;167.15;10;10184227145;S
20240423;100905;167.15;100;10184227407;S
20240423;100906;167.16;10;10184227612;B
20240423;100906;167.16;10;10184227613;B
20240423;100906;167.16;100;10184227614;B
20240423;100907;167.17;200;10184227680;S
20240423;100909;167.17;10;10184227864;S
20240423;100909;167.17;10;10184227935;S
20240423;100911;167.17;20;10184228214;S
20240423;100912;167.17;300;10184228274;S
20240423;100912;167.18;30;10184228324;B
20240423;100912;167.18;210;10184228325;B
20240423;100913;167.17;10;10184228512;S
20240423;100914;167.18;10;10184228694;B
20240423;100915;167.18;10;10184228804;B
20240423;100915;167.17;500;10184228821;S
20240423;100916;167.17;170;10184228942;S
20240423;100916;167.17;230;10184228943;S
20240423;100916;167.18;20;10184228973;B
20240423;100917;167.17;20;10184229152;S
20240423;100919;167.18;300;10184229511;B
20240423;100920;167.17;20;10184229844;S
20240423;100921;167.17;150;10184229931;S
20240423;100921;167.18;200;10184229998;B
20240423;100922;167.18;600;10184230140;B
20240423;100923;167.17;580;10184230322;S
20240423;100923;167.17;20;10184230323;S
20240423;100924;167.17;400;10184230356;S
20240423;100927;167.17;50;10184230913;S
20240423;100928;167.18;20;10184231102;B
20240423;100929;167.17;1000;10184231164;S
20240423;100929;167.16;100;10184231165;S
20240423;100929;167.16;60;10184231166;S
20240423;100929;167.16;40;10184231167;S
20240423;100929;167.17;50;10184231225;S
20240423;100930;167.18;130;10184231296;B
20240423;100930;167.18;170;10184231297;B
20240423;100932;167.18;300;10184231506;B
20240423;100933;167.18;140;10184231634;B
20240423;100933;167.18;10;10184231644;S
20240423;100936;167.19;10;10184232391;B
20240423;100936;167.19;30;10184232392;B
20240423;100937;167.18;20;10184232645;S
20240423;100938;167.18;130;10184232810;S
20240423;100938;167.18;10;10184232811;S
20240423;100943;167.19;10;10184233473;B
20240423;100943;167.18;30;10184233550;S
20240423;100943;167.17;10;10184233561;S
20240423;100943;167.17;220;10184233562;S
20240423;100943;167.16;2500;10184233563;S
20240423;100943;167.15;1470;10184233564;S
20240423;100943;167.15;300;10184233565;S
20240423;100943;167.15;300;10184233566;S
20240423;100943;167.15;200;10184233567;S
20240423;100943;167.16;2500;10184233579;S
20240423;100943;167.15;2500;10184233580;S
20240423;100943;167.16;300;10184233581;B
20240423;100943;167.16;800;10184233582;B
20240423;100944;167.17;10;10184233756;B
20240423;100945;167.17;900;10184233822;B
20240423;100945;167.16;20;10184233823;S
20240423;100948;167.17;10;10184234159;B
20240423;100948;167.16;10;10184234211;S
20240423;100951;167.16;40;10184234659;S
20240423;100951;167.16;260;10184234699;S
20240423;100952;167.16;20;10184234757;S
20240423;100953;167.17;10;10184234912;B
20240423;100954;167.17;50;10184234973;B
20240423;100956;167.16;10;10184235237;S
20240423;100956;167.17;540;10184235355;B
20240423;100956;167.17;220;10184235356;B
20240423;100956;167.17;240;10184235357;B
20240423;100957;167.16;170;10184235370;S
20240423;100957;167.16;300;10184235371;S
20240423;100957;167.16;300;10184235372;S
20240423;100957;167.15;30;10184235373;S
20240423;100957;167.15;370;10184235374;S
20240423;100958;167.15;10;10184235666;S
20240423;101002;167.16;140;10184236332;B
20240423;101002;167.16;100;10184236373;B
20240423;101002;167.15;10;10184236383;S
20240423;101002;167.15;10;10184236384;S
20240423;101004;167.15;100;10184236668;S
20240423;101004;167.16;330;10184236717;B
20240423;101006;167.16;170;10184237077;B
20240423;101006;167.16;10;10184237078;B
20240423;101006;167.17;100;10184237296;B
20240423;101007;167.17;200;10184237502;B
20240423;101007;167.17;100;10184237503;B
20240423;101008;167.16;640;10184237638;S
20240423;101008;167.16;360;10184237639;S
20240423;101009;167.17;100;10184237837;B
20240423;101011;167.17;300;10184238068;B
20240423;101012;167.16;10;10184238422;S
20240423;101012;167.17;30;10184238513;B
20240423;101012;167.17;10;10184238540;B
20240423;101013;167.17;70;10184238672;B
20240423;101013;167.17;200;10184238673;B
20240423;101013;167.17;30;10184238674;B
20240423;101014;167.17;10;10184238891;B
20240423;101014;167.18;40;10184238892;B
20240423;101014;167.18;10;10184239062;B
20240423;101016;167.18;300;10184239433;B
20240423;101017;167.17;330;10184239750;S
20240423;101018;167.17;750;10184239906;S
20240423;101018;167.16;10;10184239907;S
20240423;101018;167.16;240;10184239908;S
20240423;101019;167.16;20;10184240043;S
20240423;101019;167.17;40;10184240119;B
20240423;101024;167.18;2000;10184240874;B
20240423;101025;167.17;10;10184241193;S
20240423;101025;167.17;220;10184241194;S
20240423;101026;167.18;300;10184241288;B
20240423;101027;167.17;100;10184241379;S
20240423;101027;167.18;300;10184241432;B
20240423;101029;167.18;300;10184241820;B
20240423;101030;167.18;1000;10184241933;B
20240423;101030;167.17;980;10184241947;S
20240423;101031;167.17;20;10184242041;B
20240423;101031;167.16;20;10184242043;S
20240423;101032;167.17;980;10184242174;B
20240423;101032;167.17;20;10184242175;B
20240423;101034;167.16;100;10184242527;S
20240423;101034;167.17;1000;10184242668;B
20240423;101034;167.17;20;10184242669;B
20240423;101034;167.17;300;10184242670;B
20240423;101034;167.17;250;10184242671;B
20240423;101034;167.18;720;10184242672;B
20240423;101034;167.18;710;10184242673;B
20240423;101038;167.17;10;10184243284;B
20240423;101038;167.17;50;10184243327;B
20240423;101039;167.17;10;10184243407;B
20240423;101040;167.17;100;10184243519;B
20240423;101041;167.17;300;10184243646;B
20240423;101041;167.16;620;10184243683;S
20240423;101041;167.16;270;10184243684;S
20240423;101041;167.16;20;10184243685;S
20240423;101041;167.16;590;10184243686;S
20240423;101042;167.17;500;10184244151;B
20240423;101042;167.17;10;10184244161;B
20240423;101043;167.17;20;10184244229;B
20240423;101043;167.17;280;10184244230;B
20240423;101043;167.16;100;10184244287;S
20240423;101044;167.17;60;10184244389;B
20240423;101046;167.16;250;10184244763;S
20240423;101048;167.16;200;10184245224;S
20240423;101049;167.16;1360;10184245470;S
20240423;101049;167.16;10;10184245471;S
20240423;101049;167.16;100;10184245472;S
20240423;101050;167.15;100;10184245513;S
20240423;101050;167.15;150;10184245514;S
20240423;101051;167.16;120;10184245665;B
20240423;101051;167.16;200;10184245841;B
20240423;101051;167.16;2300;10184245856;B
20240423;101051;167.16;100;10184245857;B
20240423;101052;167.16;500;10184245947;B
20240423;101052;167.15;400;10184245973;S
20240423;101053;167.16;10;10184246339;B
20240423;101053;167.16;200;10184246340;B
20240423;101054;167.16;100;10184246602;B
20240423;101054;167.16;100;10184246603;B
20240423;101055;167.15;320;10184246912;S
20240423;101056;167.16;100;10184247150;B
20240423;101057;167.15;100;10184247220;S
20240423;101058;167.15;10;10184247404;S
20240423;101059;167.15;170;10184247586;S
20240423;101100;167.15;650;10184247638;S
20240423;101102;167.15;100;10184248100;S
20240423;101102;167.15;150;10184248101;S
20240423;101104;167.15;100;10184248431;S
20240423;101105;167.15;50;10184248710;S
20240423;101107;167.15;50;10184249217;S
20240423;101108;167.16;100;10184249296;B
20240423;101110;167.16;300;10184249633;B
20240423;101111;167.15;730;10184249922;S
20240423;101111;167.15;2060;10184249923;S
20240423;101111;167.15;2500;10184249924;S
20240423;101111;167.15;1000;10184249925;S
20240423;101111;167.15;210;10184249926;S
20240423;101111;167.15;2000;10184249927;S
20240423;101111;167.15;1500;10184249928;S
20240423;101111;167.16;10;10184249987;B
20240423;101113;167.16;310;10184250320;B
20240423;101113;167.16;600;10184250321;B
20240423;101113;167.16;640;10184250322;B
20240423;101118;167.15;60;10184250976;S
20240423;101119;167.15;210;10184251136;S
20240423;101120;167.16;360;10184251287;B
20240423;101120;167.16;610;10184251288;B
20240423;101120;167.17;390;10184251289;B
20240423;101120;167.18;290;10184251290;B
20240423;101120;167.18;10;10184251291;B
20240423;101120;167.18;310;10184251292;B
20240423;101120;167.18;100;10184251293;B
20240423;101120;167.19;20;10184251294;B
20240423;101120;167.19;10;10184251295;B
20240423;101120;167.19;1000;10184251296;B
20240423;101120;167.19;30;10184251297;B
20240423;101120;167.2;20;10184251298;B
20240423;101120;167.2;100;10184251299;B
20240423;101120;167.2;1000;10184251300;B
20240423;101120;167.2;40;10184251301;B
20240423;101120;167.2;300;10184251302;B
20240423;101120;167.2;410;10184251303;B
20240423;101120;167.17;30;10184251373;S
20240423;101121;167.17;100;10184251469;S
20240423;101122;167.19;30;10184251528;B
20240423;101124;167.18;270;10184251791;S
20240423;101125;167.18;250;10184251920;S
20240423;101128;167.18;10;10184252424;S
20240423;101129;167.18;90;10184252476;S
20240423;101130;167.18;380;10184252724;S
20240423;101130;167.18;390;10184252725;S
20240423;101130;167.18;300;10184252726;S
20240423;101130;167.18;210;10184252727;S
20240423;101130;167.18;1000;10184252728;S
20240423;101130;167.18;1080;10184252729;S
20240423;101130;167.18;1000;10184252730;S
20240423;101130;167.18;640;10184252779;B
20240423;101132;167.18;210;10184253033;S
20240423;101132;167.18;390;10184253034;S
20240423;101132;167.19;100;10184253053;B
20240423;101136;167.18;610;10184253689;S
20240423;101136;167.18;10;10184253690;S
20240423;101137;167.18;1510;10184253710;S
20240423;101137;167.18;390;10184253711;S
20240423;101137;167.18;210;10184253712;S
20240423;101137;167.18;1000;10184253713;S
20240423;101137;167.17;10;10184253725;S
20240423;101137;167.18;340;10184253767;B
20240423;101138;167.17;200;10184253829;S
20240423;101138;167.17;2500;10184253830;S
20240423;101138;167.16;150;10184253831;S
20240423;101138;167.16;210;10184253832;S
20240423;101138;167.16;390;10184253833;S
20240423;101138;167.15;250;10184253834;S
20240423;101139;167.18;500;10184254040;B
20240423;101141;167.17;90;10184254366;S
20240423;101141;167.18;1690;10184254367;B
20240423;101142;167.18;1860;10184254486;B
20240423;101142;167.18;1780;10184254573;B
20240423;101142;167.18;720;10184254648;B
20240423;101142;167.18;610;10184254649;B
20240423;101142;167.18;370;10184254650;B
20240423;101142;167.18;130;10184254685;B
20240423;101142;167.18;610;10184254686;B
20240423;101142;167.19;180;10184254687;B
20240423;101142;167.19;240;10184254688;B
20240423;101142;167.2;10;10184254689;B
20240423;101142;167.2;20;10184254690;B
20240423;101142;167.2;20;10184254691;B
20240423;101142;167.2;70;10184254692;B
20240423;101142;167.2;20;10184254693;B
20240423;101142;167.2;330;10184254694;B
20240423;101143;167.23;2440;10184254757;B
20240423;101143;167.23;390;10184254758;B
20240423;101143;167.23;610;10184254759;B
20240423;101143;167.24;10;10184254760;B
20240423;101143;167.25;180;10184254761;B
20240423;101143;167.25;740;10184254762;B
20240423;101143;167.25;380;10184254763;B
20240423;101143;167.25;10;10184254764;B
20240423;101143;167.25;290;10184254765;B
20240423;101143;167.25;100;10184254766;B
20240423;101143;167.25;60;10184254767;B
20240423;101143;167.25;300;10184254768;B
20240423;101143;167.27;10;10184254769;B
20240423;101143;167.27;800;10184254770;B
20240423;101143;167.27;3680;10184254771;B
20240423;101143;167.27;10;10184254797;S
20240423;101144;167.28;30;10184254882;B
20240423;101144;167.28;470;10184254892;B
20240423;101144;167.28;530;10184254893;B
20240423;101145;167.28;10;10184254926;B
20240423;101145;167.25;250;10184254949;S
20240423;101148;167.27;40;10184255378;S
20240423;101149;167.27;50;10184255456;S
20240423;101149;167.27;10;10184255528;S
20240423;101150;167.27;50;10184255558;S
20240423;101151;167.27;1000;10184255696;S
20240423;101151;167.26;40;10184255697;S
20240423;101151;167.26;1080;10184255698;S
20240423;101151;167.25;2500;10184255699;S
20240423;101151;167.25;390;10184255700;S
20240423;101151;167.24;80;10184255701;S
20240423;101151;167.24;1500;10184255702;S
20240423;101151;167.24;300;10184255703;S
20240423;101151;167.24;2000;10184255704;S
20240423;101151;167.23;1560;10184255705;S
20240423;101151;167.23;1000;10184255706;S
20240423;101151;167.23;210;10184255707;S
20240423;101151;167.22;1000;10184255708;S
20240423;101151;167.22;800;10184255709;S
20240423;101151;167.22;210;10184255710;S
20240423;101151;167.22;5000;10184255711;S
20240423;101151;167.21;210;10184255712;S
20240423;101151;167.21;1000;10184255713;S
20240423;101151;167.21;120;10184255714;S
20240423;101152;167.25;610;10184255840;B
20240423;101152;167.25;300;10184255841;B
20240423;101152;167.26;90;10184255842;B
20240423;101153;167.27;50;10184255914;B
20240423;101154;167.27;10;10184256134;B
20240423;101157;167.26;10;10184256334;B
20240423;101201;167.26;50;10184257031;S
20240423;101204;167.26;300;10184257320;S
20240423;101204;167.27;330;10184257346;B
20240423;101204;167.27;10;10184257347;B
20240423;101204;167.26;10;10184257354;S
20240423;101205;167.26;690;10184257438;S
20240423;101205;167.26;2500;10184257451;S
20240423;101205;167.26;380;10184257452;S
20240423;101205;167.26;1080;10184257453;S
20240423;101205;167.26;210;10184257454;S
20240423;101205;167.26;300;10184257455;S
20240423;101205;167.26;300;10184257456;S
20240423;101205;167.26;230;10184257457;S
20240423;101208;167.26;10;10184257963;S
20240423;101209;167.26;10;10184258115;S
20240423;101213;167.26;600;10184258927;S
20240423;101213;167.26;150;10184258945;S
20240423;101213;167.26;220;10184258946;S
20240423;101214;167.27;10;10184259000;B
20240423;101214;167.27;90;10184259001;B
20240423;101214;167.27;10;10184259005;B
20240423;101214;167.27;510;10184259026;B
20240423;101214;167.27;200;10184259027;B
20240423;101214;167.27;890;10184259028;B
20240423;101214;167.27;50;10184259029;B
20240423;101214;167.28;460;10184259030;B
20240423;101214;167.28;380;10184259031;B
20240423;101214;167.29;510;10184259032;B
20240423;101216;167.29;300;10184259345;B
20240423;101218;167.29;10;10184259678;B
20240423;101218;167.29;300;10184259686;B
20240423;101219;167.28;50;10184259882;S
20240423;101220;167.28;150;10184259959;S
20240423;101220;167.28;150;10184259971;S
20240423;101221;167.29;300;10184260122;B
20240423;101222;167.28;230;10184260153;S
20240423;101222;167.28;70;10184260211;S
20240423;101224;167.29;690;10184260498;B
20240423;101224;167.29;460;10184260499;B
20240423;101226;167.28;10;10184260680;S
20240423;101226;167.28;10;10184260687;S
20240423;101226;167.29;40;10184260723;B
20240423;101226;167.29;240;10184260724;B
20240423;101227;167.29;10;10184260773;B
20240423;101227;167.29;1800;10184260838;B
20240423;101228;167.28;60;10184260948;S
20240423;101228;167.29;150;10184260962;B
20240423;101228;167.29;90;10184260963;B
20240423;101229;167.28;200;10184261042;S
20240423;101230;167.28;500;10184261111;S
20240423;101232;167.28;80;10184261366;S
20240423;101232;167.28;20;10184261369;S
20240423;101232;167.29;10;10184261411;B
20240423;101233;167.28;970;10184261468;S
20240423;101233;167.28;200;10184261469;S
20240423;101233;167.28;400;10184261470;S
20240423;101233;167.28;400;10184261471;S
20240423;101233;167.28;1080;10184261472;S
20240423;101233;167.28;410;10184261473;S
20240423;101238;167.28;10;10184262339;S
20240423;101238;167.28;880;10184262527;S
20240423;101238;167.28;300;10184262528;S
20240423;101238;167.28;300;10184262529;S
20240423;101238;167.28;300;10184262530;S
20240423;101238;167.28;2500;10184262531;S
20240423;101238;167.27;390;10184262532;S
20240423;101238;167.27;10;10184262533;S
20240423;101238;167.26;780;10184262534;S
20240423;101238;167.26;200;10184262535;S
20240423;101238;167.26;840;10184262536;S
20240423;101238;167.28;1730;10184262537;B
20240423;101239;167.28;30;10184262747;S
20240423;101240;167.28;740;10184262782;S
20240423;101240;167.28;2500;10184262785;B
20240423;101240;167.27;30;10184262802;S
20240423;101240;167.28;100;10184262850;B
20240423;101242;167.27;360;10184263193;S
20240423;101242;167.27;2500;10184263194;S
20240423;101242;167.26;140;10184263195;S
20240423;101244;167.27;500;10184263457;S
20240423;101245;167.28;10;10184263530;B
20240423;101249;167.28;20;10184264086;B
20240423;101256;167.27;1300;10184265250;S
20240423;101257;167.28;100;10184265349;B
20240423;101257;167.28;1530;10184265578;B
20240423;101257;167.28;40;10184265579;B
20240423;101257;167.28;330;10184265580;B
20240423;101258;167.28;10;10184265603;B
20240423;101258;167.27;160;10184265781;S
20240423;101259;167.28;100;10184265787;B
20240423;101259;167.28;170;10184265802;B
20240423;101259;167.28;10;10184265803;B
20240423;101259;167.28;40;10184265804;B
20240423;101259;167.28;10;10184265805;B
20240423;101259;167.27;540;10184265813;S
20240423;101259;167.27;10;10184265814;S
20240423;101259;167.27;2500;10184265815;B
20240423;101300;167.26;380;10184265987;S
20240423;101303;167.27;1950;10184266606;B
20240423;101303;167.27;390;10184266607;B
20240423;101303;167.27;610;10184266608;B
20240423;101304;167.27;60;10184266720;S
20240423;101305;167.28;90;10184266756;B
20240423;101306;167.28;130;10184266942;B
20240423;101306;167.28;610;10184266943;B
20240423;101306;167.28;260;10184266944;B
20240423;101307;167.28;100;10184267134;B
