<DATE>;<TIME>;<LAST>;<VOL>;<ID>;<OPER>
20240125;095933;166.360000000;20;9463798566;B
20240125;095933;166.360000000;30;9463798567;B
20240125;095933;166.360000000;60;9463798568;B
20240125;095933;166.360000000;10;9463798569;B
20240125;095933;166.360000000;60;9463798570;B
20240125;095933;166.360000000;10;9463798571;B
20240125;095933;166.360000000;2320;9463798572;B
20240125;095933;166.360000000;80;9463798573;B
20240125;095933;166.360000000;600;9463798574;B
20240125;095933;166.360000000;10;9463798575;B
20240125;095933;166.360000000;10;9463798576;B
20240125;095933;166.360000000;100;9463798577;B
20240125;095933;166.360000000;70;9463798578;B
20240125;095933;166.360000000;10;9463798579;B
20240125;095933;166.360000000;10;9463798580;B
20240125;095933;166.360000000;100;9463798581;B
20240125;095933;166.360000000;30;9463798582;B
20240125;095933;166.360000000;20;9463798583;B
20240125;095933;166.360000000;10;9463798584;B
20240125;095933;166.360000000;80;9463798585;B
20240125;095933;166.360000000;10;9463798586;B
20240125;095933;166.360000000;100;9463798587;B
20240125;095933;166.360000000;10;9463798588;B
20240125;095933;166.360000000;30;9463798589;B
20240125;095933;166.360000000;20;9463798590;B
20240125;095933;166.360000000;200;9463798591;B
20240125;095933;166.360000000;60;9463798592;B
20240125;095933;166.360000000;10;9463798593;S
20240125;095933;166.360000000;10;9463798594;S
20240125;095933;166.360000000;10;9463798595;S
20240125;095933;166.360000000;200;9463798596;B
20240125;095933;166.360000000;10;9463798597;S
20240125;095933;166.360000000;280;9463798598;B
20240125;095933;166.360000000;10;9463798599;B
20240125;095933;166.360000000;10;9463798600;B
20240125;095933;166.360000000;140;9463798601;B
20240125;095933;166.360000000;2800;9463798602;S
20240125;095933;166.360000000;50;9463798603;S
20240125;095933;166.360000000;30;9463798604;S
20240125;095933;166.360000000;20;9463798605;S
20240125;095933;166.360000000;10;9463798606;S
20240125;095933;166.360000000;500;9463798607;S
20240125;095933;166.360000000;10;9463798608;S
20240125;095933;166.360000000;10;9463798609;S
20240125;095933;166.360000000;100;9463798610;S
20240125;095933;166.360000000;340;9463798611;S
20240125;095933;166.360000000;580;9463798612;S
20240125;095933;166.360000000;30;9463798613;S
20240125;095933;166.360000000;80;9463798614;B
20240125;095933;166.360000000;20;9463798615;S
20240125;095933;166.360000000;20;9463798616;S
20240125;095933;166.360000000;200;9463798617;S
20240125;095933;166.360000000;500;9463798618;S
20240125;095933;166.360000000;10;9463798619;S
20240125;095933;166.360000000;2000;9463798620;S
20240125;095933;166.360000000;3000;9463798621;S
20240125;095933;166.360000000;10;9463798622;S
20240125;095933;166.360000000;250;9463798623;B
20240125;095933;166.360000000;10;9463798624;B
20240125;095933;166.360000000;10;9463798625;B
20240125;095933;166.360000000;30;9463798626;B
20240125;095933;166.360000000;20;9463798627;B
20240125;095933;166.360000000;10;9463798628;B
20240125;095933;166.360000000;10;9463798629;B
20240125;095933;166.360000000;10;9463798630;B
20240125;095933;166.360000000;10;9463798631;B
20240125;095933;166.360000000;10;9463798632;B
20240125;095933;166.360000000;10;9463798633;B
20240125;095933;166.360000000;10;9463798634;B
20240125;095933;166.360000000;2000;9463798635;B
20240125;095933;166.360000000;10;9463798636;B
20240125;095933;166.360000000;20;9463798637;B
20240125;095933;166.360000000;80;9463798638;B
20240125;095933;166.360000000;20;9463798639;B
20240125;095933;166.360000000;10;9463798640;B
20240125;095933;166.360000000;10;9463798641;B
20240125;095933;166.360000000;10;9463798642;B
20240125;095933;166.360000000;10;9463798643;B
20240125;095933;166.360000000;10;9463798644;S
20240125;095933;166.360000000;1000;9463798645;S
20240125;095933;166.360000000;50;9463798646;S
20240125;095933;166.360000000;20;9463798647;B
20240125;095933;166.360000000;20;9463798648;B
20240125;095933;166.360000000;10;9463798649;B
20240125;095933;166.360000000;10;9463798650;B
20240125;095933;166.360000000;10;9463798651;B
20240125;095933;166.360000000;30;9463798652;B
20240125;095933;166.360000000;10;9463798653;B
20240125;095933;166.360000000;10;9463798654;B
20240125;095933;166.360000000;10;9463798655;B
20240125;095933;166.360000000;10;9463798656;B
20240125;095933;166.360000000;20;9463798657;B
20240125;095933;166.360000000;10;9463798658;B
20240125;095933;166.360000000;10;9463798659;B
20240125;095933;166.360000000;10;9463798660;B
20240125;095933;166.360000000;90;9463798661;B
20240125;095933;166.360000000;50;9463798662;B
20240125;095933;166.360000000;20;9463798663;B
20240125;095933;166.360000000;10;9463798664;B
20240125;095933;166.360000000;20;9463798665;B
20240125;095933;166.360000000;200;9463798666;B
20240125;095933;166.360000000;30;9463798667;B
20240125;095933;166.360000000;10;9463798668;B
20240125;095933;166.360000000;50;9463798669;B
20240125;095933;166.360000000;10;9463798670;B
20240125;095933;166.360000000;100;9463798671;B
20240125;095933;166.360000000;40;9463798672;B
20240125;095933;166.360000000;10;9463798673;B
20240125;095933;166.360000000;10;9463798674;B
20240125;095933;166.360000000;10;9463798675;S
20240125;095933;166.360000000;10;9463798676;B
20240125;095933;166.360000000;110;9463798677;B
20240125;095933;166.360000000;10;9463798678;B
20240125;095933;166.360000000;10;9463798679;B
20240125;095933;166.360000000;10;9463798680;B
20240125;095933;166.360000000;40;9463798681;B
20240125;095933;166.360000000;10;9463798682;B
20240125;095933;166.360000000;10;9463798683;S
20240125;095933;166.360000000;10;9463798684;S
20240125;095933;166.360000000;10;9463798685;S
20240125;095933;166.360000000;10;9463798686;S
20240125;095933;166.360000000;10;9463798687;S
20240125;095933;166.360000000;100;9463798688;S
20240125;095933;166.360000000;10;9463798689;S
20240125;095933;166.360000000;10;9463798690;S
20240125;095933;166.360000000;10;9463798691;S
20240125;095933;166.360000000;10;9463798692;S
20240125;095933;166.360000000;10;9463798693;S
20240125;095933;166.360000000;300;9463798694;S
20240125;095933;166.360000000;20;9463798695;S
20240125;095933;166.360000000;10;9463798696;S
20240125;095933;166.360000000;10;9463798697;S
20240125;095933;166.360000000;10;9463798698;S
20240125;095933;166.360000000;10;9463798699;S
20240125;095933;166.360000000;10;9463798700;S
20240125;095933;166.360000000;10;9463798701;S
20240125;095933;166.360000000;10;9463798702;S
20240125;095933;166.360000000;10;9463798703;S
20240125;095933;166.360000000;10;9463798704;S
20240125;095933;166.360000000;10;9463798705;S
20240125;095933;166.360000000;10;9463798706;S
20240125;095933;166.360000000;30;9463798707;S
20240125;095933;166.360000000;10;9463798708;S
20240125;095933;166.360000000;50;9463798709;S
20240125;095933;166.360000000;40;9463798710;S
20240125;095933;166.360000000;1200;9463798711;S
20240125;095933;166.360000000;40;9463798712;S
20240125;095933;166.360000000;10;9463798713;S
20240125;095933;166.360000000;10;9463798714;S
20240125;095933;166.360000000;10;9463798715;S
20240125;095933;166.360000000;20;9463798716;S
20240125;095933;166.360000000;10;9463798717;S
20240125;095933;166.360000000;20;9463798718;S
20240125;095933;166.360000000;80;9463798719;S
20240125;095933;166.360000000;150;9463798720;S
20240125;095933;166.360000000;10;9463798721;S
20240125;095933;166.360000000;10;9463798722;S
20240125;095933;166.360000000;80;9463798723;S
20240125;095933;166.360000000;10;9463798724;S
20240125;095933;166.360000000;10;9463798725;S
20240125;095933;166.360000000;30;9463798726;S
20240125;095933;166.360000000;200;9463798727;S
20240125;095933;166.360000000;10;9463798728;S
20240125;095933;166.360000000;80;9463798729;S
20240125;095933;166.360000000;10;9463798730;S
20240125;095933;166.360000000;760;9463798731;S
20240125;095933;166.360000000;10;9463798732;S
20240125;100000;166.370000000;10;9463805044;B
20240125;100000;166.400000000;200;9463805052;B
20240125;100000;166.450000000;100;9463805110;B
20240125;100000;166.440000000;800;9463805158;S
20240125;100000;166.440000000;200;9463805159;S
20240125;100000;166.450000000;30;9463805304;B
20240125;100000;166.450000000;1000;9463805305;B
20240125;100000;166.460000000;1000;9463805306;B
20240125;100000;166.460000000;300;9463805307;B
20240125;100000;166.470000000;170;9463805308;B
20240125;100000;166.480000000;500;9463805649;S
20240125;100001;166.490000000;80;9463805843;B
20240125;100001;166.490000000;370;9463805860;B
20240125;100001;166.490000000;1750;9463805877;B
20240125;100001;166.490000000;1460;9463805914;B
20240125;100001;166.490000000;100;9463805939;B
20240125;100001;166.490000000;740;9463805944;B
20240125;100001;166.490000000;500;9463805947;B
20240125;100001;166.500000000;240;9463805948;B
20240125;100001;166.500000000;200;9463805964;B
20240125;100001;166.500000000;200;9463805965;B
20240125;100001;166.500000000;150;9463806019;B
20240125;100001;166.500000000;150;9463806034;B
20240125;100001;166.500000000;1460;9463806160;B
20240125;100001;166.500000000;200;9463806161;B
20240125;100001;166.500000000;120;9463806162;B
20240125;100001;166.500000000;200;9463806163;B
20240125;100001;166.550000000;400;9463806168;B
20240125;100001;166.590000000;400;9463806183;B
20240125;100001;166.600000000;10;9463806254;S
20240125;100001;166.600000000;90;9463806256;S
20240125;100001;166.600000000;410;9463806257;S
20240125;100002;166.610000000;210;9463806732;B
20240125;100002;166.610000000;30;9463806877;S
20240125;100002;166.610000000;10;9463807226;S
20240125;100003;166.620000000;50;9463807510;B
20240125;100003;166.620000000;210;9463807511;B
20240125;100003;166.630000000;100;9463807810;S
20240125;100003;166.630000000;100;9463807811;S
20240125;100003;166.620000000;90;9463807812;S
20240125;100003;166.620000000;10;9463807813;S
20240125;100003;166.620000000;180;9463807814;S
20240125;100003;166.620000000;220;9463807815;S
20240125;100003;166.620000000;250;9463807820;S
20240125;100004;166.640000000;80;9463807972;B
20240125;100004;166.620000000;10;9463807978;S
20240125;100004;166.640000000;10;9463807979;B
20240125;100004;166.640000000;120;9463808143;B
20240125;100004;166.650000000;740;9463808144;B
20240125;100004;166.640000000;200;9463808177;B
20240125;100004;166.640000000;10;9463808193;B
20240125;100004;166.630000000;50;9463808194;S
20240125;100004;166.640000000;50;9463808195;B
20240125;100004;166.630000000;20;9463808196;S
20240125;100004;166.630000000;50;9463808518;S
20240125;100005;166.650000000;10;9463808643;B
20240125;100005;166.650000000;10;9463808645;B
20240125;100005;166.650000000;10;9463808747;B
20240125;100005;166.630000000;30;9463808749;S
20240125;100005;166.630000000;70;9463808752;S
20240125;100005;166.630000000;10;9463808754;S
20240125;100005;166.650000000;10;9463808755;B
20240125;100005;166.650000000;10;9463808871;B
20240125;100005;166.650000000;10;9463808872;B
20240125;100005;166.650000000;220;9463808873;B
20240125;100005;166.650000000;210;9463808874;B
20240125;100005;166.650000000;100;9463808876;S
20240125;100005;166.650000000;100;9463808879;S
20240125;100005;166.650000000;100;9463808882;S
20240125;100005;166.660000000;10;9463809067;B
20240125;100005;166.660000000;10;9463809070;B
20240125;100005;166.660000000;50;9463809071;B
20240125;100005;166.660000000;10;9463809128;B
20240125;100005;166.660000000;30;9463809133;B
20240125;100005;166.660000000;10;9463809134;B
20240125;100005;166.650000000;20;9463809136;S
20240125;100005;166.650000000;10;9463809138;S
20240125;100005;166.660000000;20;9463809146;B
20240125;100005;166.660000000;30;9463809151;B
20240125;100005;166.660000000;10;9463809153;B
20240125;100005;166.660000000;10;9463809155;B
20240125;100005;166.650000000;30;9463809489;S
20240125;100005;166.660000000;50;9463809501;B
20240125;100005;166.670000000;100;9463809513;B
20240125;100005;166.670000000;100;9463809514;B
20240125;100005;166.670000000;6580;9463809515;B
20240125;100005;166.680000000;20;9463809528;B
20240125;100005;166.680000000;10;9463809532;B
20240125;100005;166.670000000;20;9463809533;S
20240125;100005;166.670000000;250;9463809723;S
20240125;100005;166.670000000;50;9463809724;S
20240125;100005;166.680000000;20;9463809732;B
20240125;100005;166.680000000;20;9463809733;B
20240125;100005;166.680000000;3200;9463809734;B
20240125;100005;166.680000000;10;9463809735;B
20240125;100005;166.680000000;10;9463809737;B
20240125;100005;166.670000000;10;9463809869;S
20240125;100005;166.670000000;10;9463809871;S
20240125;100005;166.680000000;10;9463809873;B
20240125;100005;166.680000000;500;9463809874;B
20240125;100005;166.680000000;10;9463809878;B
20240125;100005;166.670000000;330;9463809880;S
20240125;100005;166.670000000;70;9463809881;S
20240125;100005;166.670000000;20;9463809882;S
20240125;100005;166.670000000;100;9463809883;S
20240125;100005;166.670000000;40;9463809884;S
20240125;100005;166.680000000;10;9463809986;B
20240125;100005;166.680000000;10;9463810100;B
20240125;100005;166.680000000;10;9463810102;B
20240125;100006;166.680000000;10;9463810270;B
20240125;100006;166.670000000;20;9463810271;S
20240125;100006;166.670000000;20;9463810272;S
20240125;100006;166.680000000;10;9463810274;B
20240125;100006;166.680000000;10;9463810275;B
20240125;100006;166.680000000;10;9463810276;B
20240125;100006;166.680000000;10;9463810277;B
20240125;100006;166.670000000;10;9463810396;S
20240125;100006;166.670000000;10;9463810397;S
20240125;100006;166.680000000;10;9463810580;B
20240125;100006;166.680000000;10;9463810582;B
20240125;100006;166.680000000;10;9463810583;B
20240125;100006;166.660000000;180;9463810844;S
20240125;100006;166.660000000;30;9463810930;S
20240125;100006;166.660000000;10;9463811093;S
20240125;100006;166.670000000;10;9463811094;B
20240125;100006;166.660000000;950;9463811195;S
20240125;100007;166.660000000;10;9463811333;S
20240125;100007;166.670000000;10;9463811334;B
20240125;100007;166.670000000;10;9463811335;B
20240125;100007;166.660000000;10;9463811336;S
20240125;100007;166.670000000;10;9463811337;B
20240125;100007;166.670000000;10;9463811338;B
20240125;100007;166.670000000;10;9463811339;B
20240125;100007;166.670000000;20;9463811342;B
20240125;100007;166.660000000;10;9463811473;S
20240125;100007;166.670000000;10;9463811477;B
20240125;100007;166.670000000;10;9463811636;B
20240125;100007;166.670000000;1510;9463811638;B
20240125;100007;166.670000000;10;9463811640;B
20240125;100007;166.660000000;60;9463811714;S
20240125;100008;166.670000000;10;9463811999;B
20240125;100008;166.660000000;130;9463812000;S
20240125;100008;166.670000000;50;9463812002;B
20240125;100008;166.670000000;10;9463812003;B
20240125;100008;166.670000000;10;9463812004;B
20240125;100008;166.670000000;10;9463812005;B
20240125;100009;166.670000000;120;9463812598;B
20240125;100009;166.670000000;120;9463812602;B
20240125;100009;166.670000000;120;9463812624;B
20240125;100009;166.670000000;120;9463812625;B
20240125;100010;166.680000000;30;9463812737;B
20240125;100010;166.670000000;50;9463812973;S
20240125;100010;166.680000000;6050;9463813048;B
20240125;100010;166.680000000;1000;9463813049;B
20240125;100010;166.680000000;3020;9463813060;B
20240125;100010;166.670000000;10;9463813266;S
20240125;100010;166.670000000;10;9463813290;S
20240125;100011;166.680000000;230;9463813419;B
20240125;100011;166.680000000;230;9463813435;B
20240125;100011;166.680000000;240;9463813439;B
20240125;100011;166.680000000;240;9463813455;B
20240125;100011;166.670000000;300;9463813569;S
20240125;100011;166.660000000;200;9463813570;S
20240125;100011;166.690000000;700;9463813745;B
20240125;100011;166.690000000;700;9463813746;B
20240125;100012;166.690000000;470;9463813947;B
20240125;100012;166.690000000;470;9463813956;B
20240125;100013;166.690000000;10;9463814279;B
20240125;100014;166.690000000;10;9463814553;B
20240125;100015;166.680000000;60;9463815066;B
20240125;100016;166.680000000;10;9463815326;B
20240125;100016;166.670000000;530;9463815348;S
20240125;100017;166.670000000;100;9463815968;S
20240125;100019;166.680000000;20;9463816433;B
20240125;100023;166.680000000;140;9463817537;B
20240125;100023;166.680000000;160;9463817538;B
20240125;100023;166.690000000;1200;9463817539;B
20240125;100023;166.670000000;90;9463817622;S
20240125;100024;166.670000000;10;9463817902;S
20240125;100026;166.670000000;260;9463818110;S
20240125;100026;166.670000000;100;9463818149;S
20240125;100026;166.670000000;20;9463818194;S
20240125;100026;166.670000000;10;9463818197;S
20240125;100026;166.670000000;100;9463818241;S
20240125;100026;166.670000000;30;9463818254;S
20240125;100028;166.670000000;3000;9463818476;S
20240125;100028;166.680000000;30;9463818485;B
20240125;100031;166.670000000;10;9463819053;S
20240125;100031;166.670000000;1100;9463819119;S
20240125;100032;166.670000000;390;9463819296;S
20240125;100033;166.680000000;10;9463819360;B
20240125;100033;166.670000000;220;9463819444;S
20240125;100034;166.660000000;20;9463819614;S
20240125;100036;166.670000000;100;9463819871;B
20240125;100036;166.660000000;1000;9463820040;S
20240125;100036;166.660000000;780;9463820041;S
20240125;100037;166.640000000;200;9463820097;B
20240125;100038;166.580000000;40;9463820480;S
20240125;100039;166.620000000;50;9463820622;B
20240125;100040;166.620000000;70;9463820905;B
20240125;100040;166.640000000;30;9463820906;B
20240125;100041;166.600000000;10;9463821103;S
20240125;100041;166.580000000;60;9463821104;S
20240125;100041;166.580000000;100;9463821105;S
20240125;100041;166.580000000;120;9463821106;S
20240125;100041;166.570000000;210;9463821107;S
20240125;100041;166.570000000;1720;9463821108;S
20240125;100047;166.600000000;10;9463822593;B
20240125;100050;166.550000000;10;9463823099;S
20240125;100053;166.550000000;10;9463823758;S
20240125;100054;166.580000000;20;9463823874;S
20240125;100055;166.580000000;190;9463824130;S
20240125;100055;166.570000000;200;9463824131;S
20240125;100055;166.570000000;210;9463824132;S
20240125;100055;166.560000000;210;9463824133;S
20240125;100055;166.550000000;190;9463824134;S
20240125;100056;166.550000000;10;9463824312;S
20240125;100056;166.580000000;100;9463824365;B
20240125;100056;166.590000000;400;9463824366;B
20240125;100102;166.550000000;200;9463825554;S
20240125;100102;166.590000000;10;9463825770;B
20240125;100107;166.550000000;10;9463826598;S
20240125;100108;166.550000000;500;9463826715;B
20240125;100109;166.540000000;50;9463826971;S
20240125;100109;166.540000000;210;9463826972;S
20240125;100109;166.530000000;210;9463826973;S
20240125;100109;166.520000000;210;9463826974;S
20240125;100109;166.520000000;2100;9463826975;S
20240125;100109;166.510000000;210;9463826976;S
20240125;100109;166.500000000;210;9463826977;S
20240125;100109;166.500000000;300;9463826978;S
20240125;100109;166.490000000;210;9463826979;S
20240125;100109;166.480000000;40;9463826980;S
20240125;100109;166.480000000;210;9463826981;S
20240125;100109;166.470000000;740;9463826982;S
20240125;100110;166.510000000;10;9463827384;B
20240125;100111;166.460000000;210;9463827526;S
20240125;100111;166.460000000;2910;9463827527;S
20240125;100111;166.450000000;210;9463827528;S
20240125;100111;166.440000000;210;9463827529;S
20240125;100111;166.440000000;460;9463827530;S
20240125;100114;166.430000000;200;9463828100;B
20240125;100115;166.440000000;10;9463828146;B
20240125;100115;166.430000000;150;9463828207;S
20240125;100115;166.440000000;100;9463828235;B
20240125;100115;166.440000000;100;9463828263;B
20240125;100115;166.440000000;40;9463828316;B
20240125;100115;166.470000000;60;9463828318;B
20240125;100116;166.470000000;10;9463828424;B
20240125;100116;166.470000000;100;9463828449;B
20240125;100117;166.440000000;10;9463828551;S
20240125;100117;166.470000000;10;9463828602;B
20240125;100120;166.500000000;300;9463829597;B
20240125;100120;166.510000000;700;9463829598;B
20240125;100120;166.490000000;200;9463829646;B
20240125;100120;166.500000000;200;9463829796;B
20240125;100122;166.460000000;150;9463830813;S
20240125;100126;166.450000000;1000;9463834777;S
20240125;100126;166.450000000;50;9463834979;S
20240125;100127;166.450000000;1000;9463835545;S
20240125;100127;166.460000000;300;9463835590;B
20240125;100127;166.450000000;40;9463835740;S
20240125;100127;166.450000000;10;9463836112;S
20240125;100128;166.450000000;200;9463836529;S
20240125;100128;166.450000000;40;9463836545;S
20240125;100129;166.430000000;20;9463837080;S
20240125;100130;166.430000000;20;9463837642;S
20240125;100132;166.440000000;300;9463838021;B
20240125;100132;166.440000000;700;9463838022;B
20240125;100132;166.440000000;40;9463838023;B
20240125;100132;166.450000000;370;9463838024;B
20240125;100132;166.450000000;1000;9463838025;B
20240125;100132;166.450000000;200;9463838026;B
20240125;100132;166.460000000;1000;9463838027;B
20240125;100132;166.470000000;440;9463838028;B
20240125;100135;166.440000000;20;9463838806;B
20240125;100135;166.450000000;30;9463838807;B
20240125;100136;166.440000000;20;9463838929;B
20240125;100136;166.430000000;60;9463839005;S
20240125;100141;166.440000000;100;9463839818;S
20240125;100141;166.430000000;70;9463839819;S
20240125;100141;166.430000000;30;9463839984;S
20240125;100141;166.430000000;100;9463839985;S
20240125;100141;166.430000000;70;9463839986;S
20240125;100142;166.420000000;100;9463840062;S
20240125;100142;166.420000000;100;9463840063;S
20240125;100142;166.370000000;210;9463840064;S
20240125;100142;166.360000000;230;9463840065;S
20240125;100142;166.360000000;10;9463840066;S
20240125;100142;166.360000000;50;9463840067;S
20240125;100142;166.360000000;100;9463840068;S
20240125;100142;166.360000000;50;9463840069;S
20240125;100142;166.360000000;10;9463840070;S
20240125;100142;166.360000000;10;9463840071;S
20240125;100142;166.360000000;100;9463840072;S
20240125;100142;166.360000000;10;9463840073;S
20240125;100142;166.360000000;500;9463840074;S
20240125;100142;166.360000000;10;9463840075;S
20240125;100142;166.360000000;210;9463840076;S
20240125;100142;166.360000000;1810;9463840077;S
20240125;100142;166.360000000;1490;9463840078;S
20240125;100142;166.360000000;20;9463840106;B
20240125;100142;166.350000000;10;9463840121;S
20240125;100142;166.350000000;10;9463840122;S
20240125;100142;166.350000000;10;9463840123;S
20240125;100142;166.350000000;10;9463840124;S
20240125;100142;166.350000000;10;9463840125;S
20240125;100142;166.350000000;10;9463840126;S
20240125;100142;166.350000000;10;9463840127;S
20240125;100142;166.340000000;100;9463840128;S
20240125;100142;166.340000000;10;9463840129;S
20240125;100142;166.340000000;210;9463840130;S
20240125;100142;166.330000000;170;9463840131;S
20240125;100142;166.360000000;10;9463840152;B
20240125;100142;166.330000000;200;9463840203;S
20240125;100142;166.330000000;130;9463840204;S
20240125;100142;166.330000000;10;9463840205;S
20240125;100142;166.330000000;100;9463840206;S
20240125;100142;166.330000000;60;9463840207;S
20240125;100142;166.330000000;100;9463840208;S
20240125;100142;166.330000000;50;9463840210;S
20240125;100142;166.320000000;10;9463840211;S
20240125;100142;166.320000000;190;9463840212;S
20240125;100142;166.320000000;20;9463840213;S
20240125;100142;166.310000000;300;9463840214;S
20240125;100143;166.320000000;210;9463840259;S
20240125;100143;166.310000000;40;9463840260;S
20240125;100143;166.320000000;200;9463840261;S
20240125;100143;166.320000000;10;9463840262;S
20240125;100143;166.310000000;70;9463840263;S
20240125;100143;166.310000000;100;9463840312;S
20240125;100143;166.340000000;10;9463840322;B
20240125;100144;166.320000000;500;9463840604;S
20240125;100145;166.340000000;70;9463840751;B
20240125;100145;166.310000000;600;9463840845;S
20240125;100148;166.310000000;390;9463841237;S
20240125;100148;166.310000000;10;9463841238;S
20240125;100148;166.310000000;90;9463841239;S
20240125;100148;166.300000000;30;9463841240;S
20240125;100148;166.300000000;10;9463841241;S
20240125;100148;166.300000000;80;9463841242;S
20240125;100148;166.300000000;500;9463841243;S
20240125;100148;166.300000000;500;9463841244;S
20240125;100148;166.300000000;50;9463841245;S
20240125;100148;166.300000000;10;9463841246;S
20240125;100148;166.300000000;200;9463841247;S
20240125;100148;166.300000000;20;9463841248;S
20240125;100148;166.300000000;120;9463841249;S
20240125;100148;166.300000000;20;9463841250;S
20240125;100148;166.290000000;290;9463841251;S
20240125;100148;166.290000000;210;9463841252;S
20240125;100148;166.280000000;10;9463841253;S
20240125;100148;166.280000000;40;9463841254;S
20240125;100148;166.270000000;10;9463841255;S
20240125;100148;166.270000000;190;9463841256;S
20240125;100148;166.270000000;50;9463841257;S
20240125;100148;166.270000000;50;9463841258;S
20240125;100148;166.270000000;50;9463841259;S
20240125;100148;166.270000000;30;9463841260;S
20240125;100148;166.270000000;50;9463841261;S
20240125;100148;166.270000000;80;9463841267;S
20240125;100148;166.270000000;10;9463841268;S
20240125;100148;166.270000000;210;9463841269;S
20240125;100148;166.260000000;10;9463841270;S
20240125;100148;166.260000000;10;9463841271;S
20240125;100148;166.260000000;10;9463841272;S
20240125;100148;166.260000000;30;9463841273;S
20240125;100148;166.260000000;10;9463841274;S
20240125;100148;166.260000000;10;9463841275;S
20240125;100148;166.260000000;100;9463841276;S
20240125;100148;166.260000000;210;9463841277;S
20240125;100148;166.260000000;2100;9463841278;S
20240125;100148;166.250000000;100;9463841279;S
20240125;100148;166.250000000;210;9463841280;S
20240125;100148;166.240000000;10;9463841281;S
20240125;100148;166.240000000;210;9463841282;S
20240125;100148;166.230000000;210;9463841283;S
20240125;100148;166.220000000;10;9463841284;S
20240125;100148;166.220000000;200;9463841285;S
20240125;100148;166.220000000;10;9463841286;S
20240125;100148;166.220000000;10;9463841287;S
20240125;100148;166.220000000;210;9463841288;S
20240125;100148;166.210000000;500;9463841289;S
20240125;100148;166.210000000;10;9463841290;S
20240125;100148;166.210000000;10;9463841291;S
20240125;100148;166.210000000;10;9463841292;S
20240125;100148;166.210000000;210;9463841293;S
20240125;100148;166.210000000;2000;9463841294;S
20240125;100148;166.210000000;320;9463841295;S
20240125;100148;166.200000000;700;9463841296;S
20240125;100148;166.200000000;10;9463841297;S
20240125;100148;166.200000000;60;9463841298;S
20240125;100148;166.210000000;210;9463841306;S
20240125;100148;166.200000000;380;9463841307;S
20240125;100148;166.210000000;40;9463841309;S
20240125;100148;166.200000000;60;9463841317;S
20240125;100148;166.200000000;20;9463841318;S
20240125;100148;166.200000000;350;9463841319;S
20240125;100148;166.200000000;10;9463841320;S
20240125;100148;166.200000000;1060;9463841321;S
20240125;100148;166.250000000;10;9463841324;B
20240125;100148;166.200000000;10300;9463841336;S
20240125;100148;166.200000000;20;9463841337;S
20240125;100148;166.200000000;1000;9463841340;S
20240125;100148;166.200000000;310;9463841354;S
20240125;100148;166.210000000;200;9463841357;B
20240125;100148;166.200000000;200;9463841358;S
20240125;100148;166.210000000;30;9463841360;B
20240125;100148;166.230000000;10;9463841406;B
20240125;100148;166.200000000;100;9463841435;S
20240125;100148;166.200000000;10;9463841448;S
20240125;100148;166.200000000;120;9463841449;S
20240125;100149;166.220000000;300;9463841472;B
20240125;100149;166.220000000;200;9463841487;S
20240125;100149;166.200000000;2680;9463841488;S
20240125;100149;166.200000000;10;9463841489;S
20240125;100149;166.200000000;10;9463841490;S
20240125;100149;166.200000000;10;9463841491;S
20240125;100149;166.200000000;10;9463841492;S
20240125;100149;166.200000000;100;9463841493;S
20240125;100149;166.200000000;10;9463841494;S
20240125;100149;166.190000000;10;9463841495;S
20240125;100149;166.190000000;10;9463841496;S
20240125;100149;166.190000000;210;9463841497;S
20240125;100149;166.180000000;10;9463841498;S
20240125;100149;166.180000000;50;9463841499;S
20240125;100149;166.180000000;10;9463841500;S
20240125;100149;166.180000000;10;9463841501;S
20240125;100149;166.180000000;210;9463841502;S
20240125;100149;166.170000000;20;9463841503;S
20240125;100149;166.170000000;10;9463841504;S
20240125;100149;166.170000000;50;9463841505;S
20240125;100149;166.170000000;100;9463841506;S
20240125;100149;166.170000000;210;9463841507;S
20240125;100149;166.160000000;40;9463841508;S
20240125;100149;166.160000000;100;9463841509;S
20240125;100149;166.160000000;10;9463841510;S
20240125;100149;166.160000000;10;9463841511;S
20240125;100149;166.160000000;10;9463841512;S
20240125;100149;166.160000000;210;9463841513;S
20240125;100149;166.150000000;900;9463841514;S
20240125;100149;166.150000000;20;9463841515;S
20240125;100149;166.150000000;10;9463841516;S
20240125;100149;166.150000000;210;9463841517;S
20240125;100149;166.140000000;1200;9463841518;S
20240125;100149;166.140000000;30;9463841519;S
20240125;100149;166.140000000;10;9463841520;S
20240125;100149;166.140000000;210;9463841521;S
20240125;100149;166.130000000;40;9463841522;S
20240125;100149;166.130000000;1000;9463841523;S
20240125;100149;166.130000000;100;9463841524;S
20240125;100149;166.130000000;210;9463841525;S
20240125;100149;166.130000000;1740;9463841526;S
20240125;100149;166.140000000;210;9463841527;S
20240125;100149;166.130000000;40;9463841528;S
20240125;100149;166.130000000;830;9463841529;S
20240125;100149;166.130000000;2300;9463841530;S
20240125;100149;166.130000000;210;9463841531;S
20240125;100149;166.120000000;20;9463841532;S
20240125;100149;166.120000000;50;9463841533;S
20240125;100149;166.120000000;10;9463841534;S
20240125;100149;166.120000000;210;9463841535;S
20240125;100149;166.110000000;10;9463841536;S
20240125;100149;166.110000000;10;9463841537;S
20240125;100149;166.110000000;10;9463841538;S
20240125;100149;166.110000000;210;9463841539;S
20240125;100149;166.110000000;500;9463841540;S
20240125;100149;166.110000000;300;9463841541;S
20240125;100149;166.100000000;50;9463841542;S
20240125;100149;166.100000000;10;9463841543;S
20240125;100149;166.100000000;10;9463841544;S
20240125;100149;166.100000000;10;9463841545;S
20240125;100149;166.100000000;200;9463841546;S
20240125;100149;166.100000000;10;9463841547;S
20240125;100149;166.100000000;4790;9463841548;S
20240125;100149;166.110000000;10;9463841549;S
20240125;100149;166.190000000;50;9463841567;B
20240125;100149;166.110000000;200;9463841607;S
20240125;100149;166.100000000;20;9463841608;S
20240125;100149;166.100000000;400;9463841609;S
20240125;100149;166.110000000;200;9463841610;S
20240125;100149;166.190000000;250;9463841619;B
20240125;100149;166.200000000;600;9463841620;B
20240125;100149;166.200000000;100;9463841621;B
20240125;100149;166.200000000;50;9463841622;S
20240125;100149;166.110000000;10;9463841623;S
20240125;100149;166.110000000;240;9463841624;S
20240125;100149;166.210000000;100;9463841627;B
20240125;100149;166.210000000;10;9463841637;B
20240125;100149;166.210000000;50;9463841670;B
20240125;100149;166.200000000;10;9463841671;S
20240125;100149;166.200000000;10;9463841672;S
20240125;100149;166.130000000;110;9463841673;S
20240125;100149;166.210000000;60;9463841676;B
20240125;100149;166.130000000;100;9463841677;S
20240125;100149;166.120000000;370;9463841678;S
20240125;100149;166.130000000;210;9463841679;S
20240125;100149;166.120000000;2790;9463841680;S
20240125;100149;166.130000000;210;9463841683;S
20240125;100149;166.120000000;290;9463841684;S
20240125;100149;166.200000000;10;9463841685;S
20240125;100149;166.130000000;100;9463841687;S
20240125;100149;166.130000000;10;9463841696;S
20240125;100149;166.210000000;20;9463841698;B
20240125;100149;166.120000000;90;9463841699;S
20240125;100149;166.120000000;310;9463841703;S
20240125;100149;166.120000000;210;9463841704;S
20240125;100149;166.110000000;10;9463841705;S
20240125;100149;166.110000000;30;9463841707;S
20240125;100149;166.110000000;170;9463841708;S
20240125;100149;166.100000000;330;9463841709;S
20240125;100149;166.130000000;10;9463841728;B
20240125;100149;166.110000000;210;9463841750;S
20240125;100150;166.100000000;2000;9463841846;S
20240125;100150;166.100000000;700;9463841848;S
20240125;100150;166.100000000;700;9463841854;S
20240125;100150;166.100000000;100;9463841879;S
20240125;100150;166.100000000;200;9463841918;S
20240125;100150;166.100000000;600;9463841922;S
20240125;100150;166.100000000;1100;9463841934;S
20240125;100150;166.100000000;600;9463841935;S
20240125;100150;166.100000000;100;9463841942;S
20240125;100150;166.100000000;400;9463841943;S
20240125;100150;166.100000000;400;9463841944;S
20240125;100150;166.100000000;60;9463841946;S
20240125;100150;166.100000000;100;9463841947;S
20240125;100150;166.100000000;100;9463841960;S
20240125;100150;166.100000000;100;9463841970;S
20240125;100151;166.100000000;100;9463842158;S
20240125;100151;166.110000000;10;9463842235;B
20240125;100152;166.100000000;500;9463842414;S
20240125;100152;166.110000000;20;9463842426;B
20240125;100152;166.110000000;10;9463842444;B
20240125;100153;166.110000000;10;9463842586;B
20240125;100153;166.100000000;300;9463842675;S
20240125;100153;166.110000000;20;9463842778;B
20240125;100154;166.100000000;80;9463842814;S
20240125;100154;166.100000000;70;9463842900;S
20240125;100154;166.110000000;720;9463842907;B
20240125;100154;166.110000000;100;9463842908;B
20240125;100154;166.110000000;100;9463842909;B
20240125;100154;166.110000000;190;9463842910;B
20240125;100154;166.110000000;110;9463843015;B
20240125;100154;166.110000000;100;9463843016;B
20240125;100154;166.110000000;100;9463843017;B
20240125;100154;166.110000000;100;9463843018;B
20240125;100154;166.110000000;400;9463843019;B
20240125;100154;166.110000000;100;9463843020;B
20240125;100154;166.110000000;400;9463843021;B
20240125;100154;166.110000000;2000;9463843022;B
20240125;100154;166.110000000;600;9463843023;B
20240125;100154;166.110000000;420;9463843024;B
20240125;100154;166.120000000;1000;9463843025;B
20240125;100154;166.120000000;210;9463843026;B
20240125;100154;166.130000000;490;9463843027;B
20240125;100154;166.130000000;1000;9463843028;B
20240125;100154;166.130000000;210;9463843029;B
20240125;100154;166.140000000;210;9463843030;B
20240125;100154;166.140000000;1000;9463843031;B
20240125;100154;166.150000000;1000;9463843032;B
20240125;100154;166.150000000;210;9463843033;B
20240125;100154;166.150000000;70;9463843034;B
20240125;100154;166.160000000;270;9463843035;B
20240125;100154;166.140000000;210;9463843069;B
20240125;100154;166.150000000;210;9463843070;B
20240125;100154;166.150000000;300;9463843071;B
20240125;100154;166.160000000;210;9463843072;B
20240125;100154;166.170000000;210;9463843073;B
20240125;100154;166.180000000;1000;9463843074;B
20240125;100154;166.180000000;210;9463843075;B
20240125;100154;166.190000000;1000;9463843076;B
20240125;100154;166.190000000;210;9463843077;B
20240125;100154;166.190000000;210;9463843078;B
20240125;100154;166.200000000;1000;9463843079;B
20240125;100154;166.200000000;210;9463843080;B
20240125;100154;166.200000000;200;9463843081;S
20240125;100154;166.200000000;2000;9463843082;S
20240125;100154;166.200000000;1000;9463843083;S
20240125;100154;166.200000000;700;9463843084;S
20240125;100154;166.200000000;300;9463843085;S
20240125;100154;166.200000000;200;9463843086;S
20240125;100154;166.200000000;800;9463843087;S
20240125;100154;166.200000000;1500;9463843088;S
20240125;100154;166.200000000;500;9463843089;S
20240125;100154;166.210000000;300;9463843090;B
20240125;100154;166.200000000;500;9463843091;S
20240125;100154;166.200000000;1000;9463843092;S
20240125;100154;166.200000000;500;9463843093;S
20240125;100154;166.200000000;100;9463843096;S
20240125;100154;166.200000000;100;9463843097;S
20240125;100155;166.210000000;60;9463843115;S
20240125;100155;166.220000000;50;9463843570;B
20240125;100157;166.210000000;300;9463843964;S
20240125;100157;166.210000000;10;9463843965;S
20240125;100157;166.210000000;160;9463843966;S
20240125;100157;166.210000000;70;9463843967;S
20240125;100157;166.200000000;11460;9463843968;S
20240125;100157;166.200000000;300;9463844005;S
20240125;100157;166.200000000;100;9463844006;S
20240125;100157;166.220000000;150;9463844165;B
20240125;100157;166.240000000;90;9463844166;B
20240125;100159;166.240000000;110;9463844531;B
20240125;100159;166.250000000;130;9463844532;B
20240125;100159;166.230000000;3140;9463844586;S
20240125;100159;166.220000000;100;9463844587;S
20240125;100159;166.210000000;10;9463844588;S
20240125;100159;166.210000000;300;9463844589;S
20240125;100159;166.200000000;153820;9463844590;S
20240125;100159;166.180000000;2000;9463844591;S
20240125;100159;166.170000000;210;9463844592;S
20240125;100159;166.160000000;210;9463844593;S
20240125;100159;166.150000000;210;9463844594;S
20240125;100159;166.150000000;1000;9463844595;S
20240125;100159;166.140000000;210;9463844596;S
20240125;100159;166.140000000;1000;9463844597;S
20240125;100159;166.140000000;2100;9463844598;S
20240125;100159;166.130000000;210;9463844599;S
20240125;100159;166.130000000;1000;9463844600;S
20240125;100159;166.120000000;210;9463844601;S
20240125;100159;166.120000000;1000;9463844602;S
20240125;100159;166.110000000;210;9463844603;S
20240125;100159;166.110000000;1000;9463844604;S
20240125;100159;166.110000000;910;9463844605;S
20240125;100159;166.100000000;36150;9463844606;S
20240125;100159;166.100000000;30;9463844607;S
20240125;100159;166.100000000;50;9463844608;S
20240125;100159;166.100000000;10;9463844609;S
20240125;100159;166.100000000;100;9463844610;S
20240125;100159;166.100000000;50;9463844611;S
20240125;100159;166.100000000;60;9463844612;S
20240125;100159;166.100000000;10;9463844613;S
20240125;100159;166.100000000;50;9463844614;S
20240125;100159;166.100000000;10;9463844615;S
20240125;100159;166.100000000;10;9463844616;S
20240125;100159;166.100000000;30;9463844617;S
20240125;100159;166.100000000;10;9463844618;S
20240125;100159;166.100000000;100;9463844619;S
20240125;100159;166.100000000;210;9463844620;S
20240125;100159;166.100000000;1000;9463844621;S
20240125;100159;166.100000000;10;9463844622;S
20240125;100159;166.100000000;8000;9463844623;S
20240125;100159;166.090000000;210;9463844624;S
20240125;100159;166.090000000;1000;9463844625;S
20240125;100159;166.090000000;16000;9463844626;S
20240125;100159;166.080000000;20;9463844627;S
20240125;100159;166.080000000;10;9463844628;S
20240125;100159;166.080000000;1000;9463844629;S
20240125;100159;166.080000000;210;9463844630;S
20240125;100159;166.070000000;10;9463844631;S
20240125;100159;166.070000000;110;9463844632;S
20240125;100159;166.070000000;1000;9463844633;S
20240125;100159;166.060000000;100;9463844634;S
20240125;100159;166.060000000;10;9463844635;S
20240125;100159;166.060000000;10;9463844636;S
20240125;100159;166.060000000;10;9463844637;S
20240125;100159;166.060000000;10;9463844638;S
20240125;100159;166.060000000;10;9463844639;S
20240125;100159;166.060000000;10;9463844640;S
20240125;100159;166.060000000;10;9463844641;S
20240125;100159;166.060000000;10;9463844642;S
20240125;100159;166.060000000;40;9463844643;S
20240125;100159;166.060000000;150;9463844644;S
20240125;100159;166.060000000;30;9463844645;S
20240125;100159;166.060000000;10;9463844646;S
20240125;100159;166.060000000;5000;9463844647;S
20240125;100159;166.060000000;10;9463844648;S
20240125;100159;166.060000000;50;9463844649;S
20240125;100159;166.060000000;10100;9463844650;S
20240125;100159;166.060000000;150;9463844651;S
20240125;100159;166.060000000;60;9463844652;S
20240125;100159;166.060000000;1000;9463844653;S
20240125;100159;166.050000000;20;9463844654;S
20240125;100159;166.050000000;20000;9463844655;S
20240125;100159;166.050000000;100;9463844656;S
20240125;100159;166.050000000;5000;9463844657;S
20240125;100159;166.050000000;1000;9463844658;S
20240125;100159;166.040000000;60;9463844659;S
20240125;100159;166.040000000;10;9463844660;S
20240125;100159;166.040000000;1000;9463844661;S
20240125;100159;166.040000000;2000;9463844662;S
20240125;100159;166.030000000;20;9463844663;S
20240125;100159;166.030000000;10;9463844664;S
20240125;100159;166.020000000;2000;9463844665;S
20240125;100159;166.020000000;50;9463844666;S
20240125;100159;166.020000000;840;9463844667;S
20240125;100159;166.020000000;10;9463844668;S
20240125;100159;166.020000000;50;9463844669;S
20240125;100159;166.020000000;50;9463844670;S
20240125;100159;166.020000000;80;9463844671;S
20240125;100159;166.020000000;100;9463844672;S
20240125;100159;166.020000000;10;9463844673;S
20240125;100159;166.020000000;10;9463844674;S
20240125;100159;166.020000000;10;9463844675;S
20240125;100159;166.020000000;100;9463844676;S
20240125;100159;166.010000000;10;9463844677;S
20240125;100159;166.010000000;10;9463844678;S
20240125;100159;166.010000000;100;9463844679;S
20240125;100159;166.010000000;10;9463844680;S
20240125;100159;166.010000000;60;9463844681;S
20240125;100159;166.010000000;500;9463844682;S
20240125;100159;166.010000000;10;9463844683;S
20240125;100159;166.010000000;100;9463844684;S
20240125;100159;166.010000000;10;9463844685;S
20240125;100159;166.010000000;100;9463844686;S
20240125;100159;166.010000000;50;9463844687;S
20240125;100159;166.010000000;40;9463844688;S
20240125;100159;166.010000000;10;9463844689;S
20240125;100159;166.010000000;10;9463844690;S
20240125;100159;166.010000000;10;9463844691;S
20240125;100159;166.010000000;50;9463844692;S
20240125;100159;166.010000000;10;9463844693;S
20240125;100159;166.010000000;10;9463844694;S
20240125;100159;166.010000000;100;9463844695;S
20240125;100159;166.010000000;3000;9463844696;S
20240125;100159;166.010000000;6000;9463844697;S
20240125;100159;166.010000000;110;9463844698;S
20240125;100159;166.000000000;360;9463844699;S
20240125;100159;166.000000000;10;9463844700;S
20240125;100159;166.000000000;1000;9463844701;S
20240125;100159;166.000000000;10;9463844702;S
20240125;100159;166.000000000;10;9463844703;S
20240125;100159;166.000000000;10;9463844704;S
20240125;100159;166.000000000;10;9463844705;S
20240125;100159;166.000000000;100;9463844706;S
20240125;100159;166.000000000;4000;9463844707;S
20240125;100159;166.000000000;10;9463844708;S
20240125;100159;166.000000000;30;9463844709;S
20240125;100159;166.000000000;800;9463844710;S
20240125;100159;166.000000000;10;9463844711;S
20240125;100159;166.000000000;10;9463844712;S
20240125;100159;166.000000000;10;9463844713;S
20240125;100159;166.000000000;40;9463844714;S
20240125;100159;166.000000000;10;9463844715;S
20240125;100159;166.000000000;10;9463844716;S
20240125;100159;166.000000000;30;9463844717;S
20240125;100159;166.000000000;40;9463844718;S
20240125;100159;166.000000000;10;9463844719;S
20240125;100159;166.000000000;50;9463844720;S
20240125;100159;166.000000000;100;9463844721;S
20240125;100159;166.000000000;10;9463844722;S
20240125;100159;166.000000000;10;9463844723;S
20240125;100159;166.000000000;20;9463844724;S
20240125;100159;166.000000000;10;9463844725;S
20240125;100159;166.000000000;300;9463844726;S
20240125;100159;166.000000000;10;9463844727;S
20240125;100159;166.000000000;10;9463844728;S
20240125;100159;166.000000000;10;9463844729;S
20240125;100159;166.000000000;70;9463844730;S
20240125;100159;166.000000000;10;9463844731;S
20240125;100159;166.000000000;10;9463844732;S
20240125;100159;166.000000000;40;9463844733;S
20240125;100159;166.000000000;10;9463844734;S
20240125;100159;166.000000000;10;9463844735;S
20240125;100159;166.000000000;100;9463844736;S
20240125;100159;166.000000000;10;9463844737;S
20240125;100159;166.000000000;10;9463844738;S
20240125;100159;166.000000000;10;9463844739;S
20240125;100159;166.000000000;10;9463844740;S
20240125;100159;166.000000000;10;9463844741;S
20240125;100159;166.000000000;30;9463844742;S
20240125;100159;166.000000000;30000;9463844743;S
20240125;100159;166.000000000;3000;9463844744;S
20240125;100159;166.000000000;9000;9463844745;S
20240125;100159;166.000000000;100;9463844746;S
20240125;100159;166.000000000;20;9463844747;S
20240125;100159;166.000000000;10;9463844748;S
20240125;100159;166.000000000;80;9463844749;S
20240125;100159;166.000000000;120;9463844750;S
20240125;100159;166.000000000;10;9463844751;S
20240125;100159;166.000000000;200;9463844752;S
20240125;100159;166.000000000;1000;9463844753;S
20240125;100159;166.000000000;30000;9463844754;S
20240125;100159;166.000000000;10;9463844755;S
20240125;100159;166.000000000;60;9463844756;S
20240125;100159;166.000000000;100;9463844757;S
20240125;100159;166.000000000;24970;9463844758;S
20240125;100159;166.100000000;100;9463844759;S
20240125;100159;166.100000000;60;9463844760;S
20240125;100159;166.100000000;200;9463844761;S
20240125;100159;166.100000000;160;9463844762;S
20240125;100159;166.100000000;430;9463844763;S
20240125;100159;166.050000000;10;9463844769;S
20240125;100159;166.020000000;40;9463844776;S
20240125;100159;166.020000000;870;9463844777;S
20240125;100159;166.020000000;60;9463844778;S
20240125;100159;166.020000000;70;9463844779;S
20240125;100159;166.010000000;80;9463844787;S
20240125;100159;166.010000000;140;9463844798;S
20240125;100159;166.010000000;250;9463844800;S
20240125;100159;166.020000000;200;9463844804;B
20240125;100159;166.010000000;1630;9463844805;S
20240125;100159;166.010000000;210;9463844806;S
20240125;100159;166.010000000;10;9463844807;S
20240125;100159;166.010000000;150;9463844808;S
20240125;100159;166.000000000;1600;9463844809;S
20240125;100159;166.020000000;50;9463844810;B
20240125;100159;166.010000000;150;9463844811;S
20240125;100159;166.000000000;10;9463844812;S
20240125;100159;166.000000000;400;9463844813;S
20240125;100159;166.000000000;180;9463844814;S
20240125;100159;166.000000000;150;9463844815;S
20240125;100159;166.010000000;300;9463844816;B
20240125;100159;166.010000000;200;9463844817;B
20240125;100159;166.000000000;3000;9463844818;S
20240125;100159;166.010000000;10;9463844822;B
20240125;100159;166.000000000;150;9463844823;S
20240125;100159;166.000000000;200;9463844826;S
20240125;100159;166.000000000;10;9463844835;S
20240125;100159;166.010000000;10;9463844838;B
20240125;100159;166.010000000;30;9463844839;B
20240125;100159;166.000000000;3000;9463844840;S
20240125;100159;166.000000000;20;9463844872;S
20240125;100159;166.000000000;10;9463844885;S
20240125;100159;166.000000000;30;9463844886;S
20240125;100159;166.000000000;30;9463844887;S
20240125;100159;166.000000000;50;9463844888;S
20240125;100159;166.000000000;100;9463844889;S
20240125;100159;166.000000000;1000;9463844890;S
20240125;100159;166.010000000;750;9463844891;B
20240125;100159;166.010000000;250;9463844892;B
20240125;100159;166.000000000;370;9463844894;S
20240125;100159;166.010000000;30;9463844896;B
20240125;100159;166.000000000;60;9463844897;S
20240125;100159;166.000000000;10;9463844900;S
20240125;100159;166.010000000;10;9463844902;B
20240125;100159;166.010000000;10;9463844907;B
20240125;100159;166.010000000;90;9463844908;B
20240125;100159;166.010000000;300;9463844910;B
20240125;100159;166.010000000;10;9463844911;B
20240125;100159;166.000000000;100;9463844912;S
20240125;100159;166.000000000;2000;9463844913;S
20240125;100159;166.000000000;7550;9463844937;S
20240125;100159;166.000000000;50;9463844938;S
20240125;100159;166.000000000;310;9463844939;S
20240125;100159;166.000000000;90;9463844940;S
20240125;100200;166.000000000;10;9463844944;S
20240125;100200;166.000000000;230;9463844945;S
20240125;100200;166.000000000;40;9463844964;S
20240125;100200;166.010000000;60;9463844965;B
20240125;100200;166.010000000;940;9463845005;B
20240125;100200;166.010000000;300;9463845006;B
20240125;100200;166.010000000;690;9463845007;B
20240125;100200;166.020000000;70;9463845008;B
20240125;100200;166.010000000;10;9463845019;B
20240125;100200;166.010000000;10;9463845033;B
20240125;100200;166.010000000;20;9463845038;B
20240125;100200;166.010000000;300;9463845043;B
20240125;100200;166.020000000;300;9463845044;B
20240125;100200;166.000000000;10;9463845053;S
20240125;100200;166.010000000;30;9463845083;B
20240125;100200;166.000000000;220;9463845088;S
20240125;100200;166.000000000;10;9463845089;S
20240125;100200;166.000000000;10;9463845090;S
20240125;100200;166.000000000;20;9463845091;S
20240125;100200;166.000000000;20;9463845092;S
20240125;100200;166.000000000;20;9463845093;S
20240125;100200;166.000000000;500;9463845094;S
20240125;100200;166.000000000;110;9463845095;S
20240125;100200;166.000000000;10;9463845096;S
20240125;100200;166.000000000;20;9463845097;S
20240125;100200;166.000000000;400;9463845098;S
20240125;100200;166.000000000;10;9463845099;S
20240125;100200;166.000000000;1000;9463845100;S
20240125;100200;166.000000000;100;9463845101;S
20240125;100200;166.000000000;100;9463845102;S
20240125;100200;166.000000000;50;9463845103;S
20240125;100201;166.000000000;10;9463845197;S
20240125;100201;166.010000000;10;9463845247;B
20240125;100201;166.000000000;10;9463845259;S
20240125;100201;166.010000000;10;9463845262;B
20240125;100202;166.010000000;120;9463845486;B
20240125;100202;166.010000000;230;9463845487;B
20240125;100202;166.060000000;350;9463845500;S
20240125;100202;166.000000000;30;9463845505;S
20240125;100202;166.000000000;10;9463845506;S
20240125;100202;166.000000000;20;9463845507;S
20240125;100202;166.000000000;10;9463845508;S
20240125;100202;166.000000000;100;9463845509;S
20240125;100202;166.000000000;10;9463845510;S
20240125;100202;166.000000000;20;9463845511;S
20240125;100202;166.000000000;30;9463845512;S
20240125;100202;166.000000000;30;9463845513;S
20240125;100202;166.000000000;10;9463845514;S
20240125;100202;166.000000000;130;9463845515;S
20240125;100202;166.010000000;270;9463845553;B
20240125;100202;166.010000000;590;9463845608;B
20240125;100202;166.010000000;140;9463845626;B
20240125;100202;166.020000000;450;9463845627;B
20240125;100203;166.010000000;20;9463845827;B
20240125;100203;166.010000000;980;9463845925;B
20240125;100203;166.010000000;20;9463845926;B
20240125;100203;166.010000000;20;9463845928;B
20240125;100203;166.010000000;10;9463846040;B
20240125;100203;166.020000000;100;9463846041;B
20240125;100203;166.020000000;110;9463846060;B
20240125;100204;166.020000000;200;9463846146;B
20240125;100204;166.020000000;10;9463846199;B
20240125;100205;166.010000000;300;9463846619;S
20240125;100205;166.010000000;1810;9463846620;S
20240125;100205;166.000000000;370;9463846621;S
20240125;100205;166.000000000;100;9463846622;S
20240125;100205;166.000000000;30;9463846623;S
20240125;100205;166.000000000;10;9463846624;S
20240125;100205;166.000000000;20;9463846625;S
20240125;100205;166.000000000;10;9463846626;S
20240125;100205;166.000000000;2350;9463846627;S
20240125;100206;166.060000000;210;9463847245;B
20240125;100206;166.060000000;90;9463847246;B
20240125;100206;166.070000000;90;9463847247;B
20240125;100206;166.070000000;210;9463847248;B
20240125;100208;166.070000000;90;9463847747;S
20240125;100209;166.090000000;10;9463847881;B
20240125;100209;166.080000000;10;9463847955;S
20240125;100209;166.060000000;10;9463847956;S
20240125;100209;166.060000000;10;9463848000;S
20240125;100209;166.050000000;1490;9463848001;S
20240125;100211;166.070000000;30;9463848387;S
20240125;100212;166.080000000;40;9463848642;S
20240125;100214;166.080000000;410;9463849208;S
20240125;100215;166.070000000;100;9463849275;S
20240125;100216;166.080000000;300;9463849596;B
20240125;100216;166.080000000;500;9463849597;B
20240125;100219;166.080000000;10;9463850883;B
20240125;100219;166.080000000;490;9463851042;B
20240125;100219;166.080000000;100;9463851043;B
20240125;100219;166.090000000;590;9463851073;B
20240125;100220;166.090000000;120;9463851561;B
20240125;100220;166.090000000;180;9463851599;B
20240125;100220;166.140000000;1000;9463851657;B
20240125;100220;166.140000000;210;9463851658;B
20240125;100220;166.150000000;10;9463851659;B
20240125;100220;166.150000000;240;9463851660;B
20240125;100220;166.190000000;1000;9463851712;B
20240125;100220;166.190000000;170;9463851713;B
20240125;100220;166.190000000;40;9463851714;B
20240125;100220;166.190000000;2100;9463851715;B
20240125;100220;166.190000000;790;9463851716;B
20240125;100221;166.130000000;300;9463851805;S
20240125;100221;166.130000000;100;9463851806;S
20240125;100221;166.120000000;300;9463851944;S
20240125;100221;166.120000000;1810;9463851945;S
20240125;100221;166.110000000;890;9463851946;S
20240125;100221;166.130000000;300;9463852001;S
20240125;100221;166.130000000;1260;9463852002;S
20240125;100221;166.130000000;100;9463852009;S
20240125;100222;166.130000000;200;9463852073;S
20240125;100222;166.120000000;460;9463852074;S
20240125;100223;166.150000000;40;9463852332;B
20240125;100225;166.160000000;10;9463852686;B
20240125;100225;166.160000000;210;9463852687;B
20240125;100225;166.190000000;10;9463852798;B
20240125;100226;166.160000000;40;9463853024;S
20240125;100228;166.190000000;10;9463853290;B
20240125;100229;166.180000000;20;9463853547;S
20240125;100230;166.190000000;60;9463853589;B
20240125;100230;166.190000000;130;9463853811;B
20240125;100231;166.200000000;50;9463853939;B
20240125;100231;166.200000000;100;9463853940;B
20240125;100231;166.200000000;110;9463853970;B
20240125;100231;166.200000000;10;9463853971;B
20240125;100231;166.200000000;30;9463853972;B
20240125;100231;166.200000000;90;9463854067;B
20240125;100232;166.190000000;3430;9463854365;S
20240125;100232;166.190000000;2570;9463854366;S
20240125;100232;166.190000000;60;9463854383;S
20240125;100233;166.200000000;350;9463854692;B
20240125;100234;166.190000000;340;9463854778;S
20240125;100234;166.190000000;1000;9463854779;S
20240125;100234;166.190000000;1000;9463854780;S
20240125;100235;166.190000000;1000;9463854951;S
20240125;100235;166.190000000;500;9463855095;S
20240125;100236;166.190000000;1000;9463855348;S
20240125;100236;166.190000000;1000;9463855349;S
20240125;100236;166.190000000;300;9463855350;S
20240125;100237;166.190000000;170;9463855437;S
20240125;100237;166.190000000;50;9463855438;S
20240125;100237;166.170000000;1810;9463855472;B
20240125;100237;166.170000000;300;9463855473;B
20240125;100237;166.170000000;210;9463855474;B
20240125;100237;166.170000000;1000;9463855475;B
20240125;100237;166.180000000;1000;9463855476;B
20240125;100237;166.180000000;210;9463855477;B
20240125;100237;166.180000000;2100;9463855478;B
20240125;100237;166.190000000;1000;9463855479;B
20240125;100237;166.190000000;210;9463855480;B
20240125;100237;166.200000000;210;9463855481;B
20240125;100237;166.200000000;1000;9463855482;B
20240125;100237;166.200000000;1000;9463855723;S
20240125;100240;166.210000000;20;9463856344;B
20240125;100240;166.210000000;80;9463856345;B
20240125;100240;166.200000000;40;9463856447;S
20240125;100242;166.210000000;390;9463856766;B
20240125;100242;166.210000000;20;9463856767;B
20240125;100242;166.220000000;210;9463856768;B
20240125;100242;166.230000000;500;9463856769;B
20240125;100242;166.230000000;80;9463856770;B
20240125;100242;166.200000000;260;9463856789;S
20240125;100243;166.230000000;10;9463857549;B
20240125;100243;166.230000000;10;9463857550;B
20240125;100244;166.230000000;200;9463857603;B
20240125;100244;166.240000000;210;9463857604;B
20240125;100244;166.240000000;1810;9463857605;B
20240125;100244;166.250000000;1120;9463857606;B
20240125;100244;166.250000000;210;9463857607;B
20240125;100244;166.260000000;210;9463857608;B
20240125;100244;166.260000000;240;9463857609;B
20240125;100244;166.270000000;10;9463857641;B
20240125;100244;166.270000000;70;9463857662;B
20240125;100245;166.210000000;10;9463857837;S
20240125;100245;166.200000000;490;9463857838;S
20240125;100245;166.260000000;100;9463857844;S
20240125;100245;166.260000000;300;9463857845;S
20240125;100245;166.260000000;100;9463857846;S
20240125;100245;166.260000000;100;9463857847;S
20240125;100245;166.260000000;200;9463857848;S
20240125;100247;166.260000000;200;9463858285;S
20240125;100247;166.270000000;130;9463858293;B
20240125;100247;166.270000000;270;9463858294;B
20240125;100247;166.260000000;300;9463858337;S
20240125;100249;166.260000000;300;9463858725;S
20240125;100251;166.270000000;390;9463858987;B
20240125;100251;166.270000000;70;9463859036;B
20240125;100251;166.270000000;70;9463859053;B
20240125;100251;166.270000000;670;9463859071;B
20240125;100251;166.270000000;630;9463859094;B
20240125;100251;166.270000000;40;9463859095;B
20240125;100252;166.240000000;300;9463859298;S
20240125;100252;166.240000000;200;9463859302;S
20240125;100252;166.240000000;400;9463859303;S
20240125;100252;166.240000000;100;9463859311;S
20240125;100252;166.260000000;10;9463859320;B
20240125;100252;166.260000000;210;9463859321;B
20240125;100253;166.280000000;20;9463859415;B
20240125;100253;166.280000000;40;9463859416;B
20240125;100254;166.280000000;1000;9463859549;S
20240125;100254;166.280000000;1000;9463859550;S
20240125;100254;166.280000000;200;9463859551;S
20240125;100255;166.280000000;40;9463859768;S
20240125;100255;166.280000000;800;9463859769;S
20240125;100255;166.280000000;1000;9463859770;S
20240125;100255;166.280000000;860;9463859771;S
20240125;100255;166.240000000;1000;9463859772;S
20240125;100255;166.240000000;1000;9463859773;S
20240125;100255;166.240000000;140;9463859774;S
20240125;100256;166.270000000;100;9463860015;B
20240125;100256;166.270000000;200;9463860109;B
20240125;100256;166.270000000;100;9463860110;B
20240125;100257;166.250000000;10;9463860436;S
20240125;100257;166.240000000;840;9463860437;S
20240125;100257;166.250000000;210;9463860469;B
20240125;100257;166.260000000;20;9463860470;B
20240125;100258;166.240000000;400;9463860562;S
20240125;100259;166.240000000;300;9463860842;S
20240125;100259;166.240000000;400;9463860870;S
20240125;100259;166.240000000;400;9463860879;S
20240125;100259;166.240000000;200;9463860880;S
20240125;100259;166.240000000;100;9463860881;S
20240125;100259;166.240000000;200;9463860882;S
20240125;100259;166.240000000;400;9463860884;S
20240125;100259;166.250000000;10;9463860919;B
20240125;100300;166.240000000;500;9463861007;S
20240125;100300;166.240000000;300;9463861146;S
20240125;100301;166.250000000;10;9463861294;B
20240125;100302;166.240000000;300;9463861413;S
20240125;100302;166.240000000;2000;9463861468;S
20240125;100303;166.250000000;100;9463861629;B
20240125;100305;166.260000000;20;9463862041;B
20240125;100306;166.240000000;200;9463862275;S
20240125;100306;166.260000000;30;9463862284;B
20240125;100306;166.250000000;10;9463862303;B
20240125;100307;166.240000000;320;9463862442;S
20240125;100307;166.240000000;50;9463862443;S
20240125;100307;166.240000000;50;9463862444;S
20240125;100307;166.240000000;80;9463862445;S
20240125;100307;166.250000000;240;9463862484;B
20240125;100307;166.260000000;760;9463862485;B
20240125;100309;166.240000000;460;9463863166;S
20240125;100309;166.270000000;20;9463863167;B
20240125;100309;166.270000000;20;9463863232;B
20240125;100310;166.250000000;20;9463863429;S
20240125;100310;166.240000000;270;9463863430;S
20240125;100310;166.240000000;10;9463863498;S
20240125;100312;166.250000000;50;9463863848;S
20240125;100312;166.240000000;70;9463863849;S
20240125;100314;166.260000000;200;9463864242;B
20240125;100314;166.240000000;170;9463864247;S
20240125;100315;166.250000000;200;9463864389;S
20240125;100316;166.240000000;50;9463864740;S
20240125;100317;166.270000000;210;9463864895;B
20240125;100317;166.270000000;10;9463864896;B
20240125;100317;166.280000000;380;9463864897;B
20240125;100318;166.240000000;5300;9463864980;S
20240125;100320;166.250000000;70;9463865461;B
20240125;100320;166.250000000;40;9463865484;B
20240125;100321;166.260000000;10;9463865563;B
20240125;100321;166.240000000;80;9463865600;S
20240125;100321;166.240000000;20;9463865601;S
20240125;100321;166.210000000;10;9463865618;S
20240125;100321;166.210000000;290;9463865619;S
20240125;100321;166.240000000;120;9463865693;B
20240125;100325;166.210000000;300;9463866345;S
20240125;100325;166.200000000;14700;9463866346;S
20240125;100326;166.220000000;30;9463866565;B
20240125;100333;166.210000000;20;9463867487;B
20240125;100333;166.200000000;10000;9463867665;S
20240125;100337;166.200000000;14460;9463868205;S
20240125;100337;166.200000000;10;9463868206;S
20240125;100337;166.200000000;50;9463868207;S
20240125;100337;166.200000000;1480;9463868208;S
20240125;100337;166.210000000;140;9463868242;B
20240125;100337;166.210000000;300;9463868243;B
20240125;100337;166.210000000;30;9463868319;S
20240125;100337;166.210000000;10;9463868321;S
20240125;100337;166.210000000;1520;9463868322;S
20240125;100337;166.200000000;940;9463868323;S
20240125;100339;166.170000000;10;9463868556;B
20240125;100339;166.170000000;10;9463868587;B
20240125;100340;166.170000000;20;9463868846;B
20240125;100341;166.160000000;20;9463869030;S
20240125;100344;166.170000000;150;9463869445;B
20240125;100347;166.160000000;20;9463870003;S
20240125;100347;166.160000000;200;9463870004;S
20240125;100347;166.160000000;200;9463870005;S
20240125;100347;166.160000000;440;9463870006;S
20240125;100347;166.150000000;210;9463870007;S
20240125;100348;166.140000000;1000;9463870182;B
20240125;100349;166.130000000;10;9463870329;S
20240125;100349;166.130000000;100;9463870330;S
20240125;100349;166.120000000;390;9463870331;S
20240125;100351;166.140000000;10;9463870756;B
20240125;100354;166.140000000;30;9463871221;B
20240125;100355;166.140000000;360;9463871473;B
20240125;100359;166.150000000;90;9463872006;B
20240125;100400;166.140000000;1000;9463872220;S
20240125;100401;166.150000000;100;9463872311;B
20240125;100401;166.150000000;70;9463872389;B
20240125;100402;166.150000000;3650;9463872411;B
20240125;100402;166.140000000;100;9463872451;S
20240125;100402;166.140000000;4000;9463872486;S
20240125;100403;166.140000000;240;9463872621;S
20240125;100403;166.140000000;400;9463872651;S
20240125;100404;166.140000000;90;9463872889;S
20240125;100405;166.140000000;20;9463873023;S
20240125;100406;166.150000000;50;9463873115;B
20240125;100408;166.150000000;440;9463873388;B
20240125;100409;166.150000000;60;9463873515;B
20240125;100409;166.140000000;7000;9463873574;S
20240125;100410;166.150000000;70;9463873966;B
20240125;100412;166.150000000;1200;9463874186;B
20240125;100413;166.140000000;6790;9463874509;S
20240125;100413;166.140000000;1120;9463874510;S
20240125;100413;166.140000000;10;9463874511;S
20240125;100413;166.140000000;210;9463874512;S
20240125;100413;166.140000000;100;9463874513;S
20240125;100413;166.140000000;50;9463874514;S
20240125;100413;166.140000000;10;9463874515;S
20240125;100413;166.140000000;300;9463874516;S
20240125;100414;166.130000000;10;9463874534;S
20240125;100415;166.140000000;100;9463874895;B
20240125;100416;166.140000000;30;9463875153;B
20240125;100416;166.140000000;100;9463875166;B
20240125;100417;166.140000000;1180;9463875495;B
20240125;100417;166.150000000;1820;9463875496;B
20240125;100417;166.150000000;150;9463875535;B
20240125;100420;166.150000000;300;9463876071;B
20240125;100421;166.140000000;10;9463876292;S
20240125;100421;166.130000000;70;9463876293;S
20240125;100422;166.150000000;70;9463876400;B
20240125;100427;166.140000000;30;9463877175;S
20240125;100428;166.140000000;180;9463877291;S
20240125;100428;166.140000000;300;9463877292;S
20240125;100428;166.130000000;920;9463877293;S
20240125;100428;166.130000000;210;9463877294;S
20240125;100428;166.130000000;300;9463877295;S
20240125;100428;166.130000000;10;9463877296;S
20240125;100428;166.130000000;50;9463877297;S
20240125;100428;166.120000000;210;9463877298;S
20240125;100428;166.120000000;1000;9463877299;S
20240125;100428;166.120000000;1820;9463877300;S
20240125;100429;166.150000000;210;9463877533;B
20240125;100430;166.150000000;10;9463877678;B
20240125;100433;166.130000000;210;9463878092;S
20240125;100433;166.130000000;300;9463878093;S
20240125;100433;166.130000000;490;9463878094;S
20240125;100434;166.130000000;510;9463878291;S
20240125;100434;166.130000000;210;9463878292;S
20240125;100434;166.130000000;300;9463878293;S
20240125;100434;166.130000000;20;9463878294;S
20240125;100434;166.130000000;10;9463878299;B
20240125;100434;166.130000000;10;9463878326;B
20240125;100435;166.120000000;80;9463878487;S
20240125;100436;166.130000000;30;9463878525;B
20240125;100437;166.130000000;350;9463878863;B
20240125;100439;166.130000000;10;9463879239;B
20240125;100439;166.130000000;500;9463879278;B
20240125;100439;166.120000000;1580;9463879391;S
20240125;100439;166.120000000;2000;9463879392;S
20240125;100439;166.120000000;700;9463879393;S
20240125;100439;166.120000000;10;9463879394;S
20240125;100440;166.130000000;850;9463879636;B
20240125;100440;166.130000000;300;9463879744;B
20240125;100440;166.130000000;1000;9463879745;B
20240125;100440;166.130000000;10;9463879748;B
20240125;100441;166.130000000;100;9463880112;B
20240125;100442;166.120000000;550;9463880222;S
20240125;100442;166.130000000;1790;9463880230;B
20240125;100442;166.150000000;150;9463880231;B
20240125;100442;166.150000000;500;9463880232;B
20240125;100442;166.150000000;30;9463880233;B
20240125;100442;166.150000000;40;9463880234;B
20240125;100442;166.170000000;420;9463880235;B
20240125;100442;166.170000000;210;9463880236;B
20240125;100442;166.190000000;440;9463880237;B
20240125;100443;166.180000000;2700;9463880495;S
20240125;100444;166.200000000;580;9463880677;B
20240125;100444;166.180000000;10;9463880683;S
20240125;100445;166.200000000;10;9463880903;B
20240125;100449;166.200000000;250;9463881654;B
20240125;100449;166.190000000;30;9463881757;S
20240125;100450;166.190000000;50;9463881767;S
20240125;100455;166.200000000;200;9463882865;B
20240125;100501;166.190000000;100;9463884003;S
20240125;100503;166.200000000;20;9463884359;B
20240125;100504;166.200000000;10;9463884474;B
20240125;100504;166.200000000;1250;9463884479;B
20240125;100504;166.200000000;200;9463884522;B
20240125;100505;166.190000000;10;9463884546;S
20240125;100507;166.200000000;210;9463885030;B
20240125;100509;166.190000000;90;9463885286;S
20240125;100509;166.190000000;10;9463885287;S
20240125;100509;166.200000000;20;9463885337;B
20240125;100512;166.200000000;300;9463885790;B
20240125;100513;166.200000000;20;9463886219;B
20240125;100517;166.190000000;10;9463887228;S
20240125;100518;166.200000000;80;9463887576;B
20240125;100518;166.200000000;1000;9463887615;B
20240125;100519;166.200000000;10;9463887808;B
20240125;100520;166.190000000;80;9463887830;S
20240125;100520;166.190000000;90;9463887878;S
20240125;100524;166.200000000;10;9463888555;B
20240125;100524;166.200000000;10;9463888671;B
20240125;100529;166.200000000;210;9463889554;B
20240125;100531;166.190000000;10;9463889839;S
20240125;100531;166.190000000;10;9463889935;S
20240125;100537;166.190000000;40;9463890847;S
20240125;100538;166.190000000;10;9463891105;S
20240125;100539;166.190000000;640;9463891241;S
20240125;100539;166.200000000;270;9463891263;B
20240125;100541;166.190000000;100;9463891548;S
20240125;100542;166.200000000;10;9463891658;B
20240125;100543;166.190000000;100;9463891777;S
20240125;100543;166.200000000;10;9463891792;B
20240125;100543;166.190000000;10;9463892042;S
20240125;100549;166.200000000;10;9463893104;B
20240125;100553;166.190000000;30;9463893794;S
20240125;100553;166.190000000;80;9463893795;S
20240125;100553;166.190000000;10;9463893796;S
20240125;100553;166.190000000;30;9463893797;S
20240125;100553;166.190000000;10;9463893799;S
20240125;100554;166.200000000;10;9463893994;B
20240125;100554;166.200000000;20;9463894004;B
20240125;100559;166.200000000;10;9463894818;B
20240125;100600;166.190000000;30;9463894847;S
20240125;100600;166.190000000;300;9463894848;S
20240125;100600;166.190000000;300;9463894849;S
20240125;100600;166.190000000;160;9463894850;S
20240125;100600;166.190000000;100;9463894851;S
20240125;100600;166.190000000;1110;9463894852;S
20240125;100600;166.190000000;880;9463894915;S
20240125;100610;166.190000000;1630;9463896833;S
20240125;100610;166.190000000;200;9463896834;S
20240125;100610;166.190000000;70;9463896835;S
20240125;100610;166.190000000;220;9463896836;S
20240125;100610;166.190000000;1000;9463896837;S
20240125;100610;166.190000000;2000;9463896838;S
20240125;100610;166.190000000;3000;9463896839;S
20240125;100610;166.190000000;110;9463896840;S
20240125;100610;166.190000000;10;9463896841;S
20240125;100610;166.190000000;1760;9463896842;B
20240125;100610;166.190000000;240;9463896843;B
20240125;100610;166.200000000;30;9463896924;B
20240125;100612;166.200000000;1000;9463897266;B
20240125;100613;166.200000000;10;9463897554;B
20240125;100616;166.190000000;10;9463898030;S
20240125;100617;166.200000000;70;9463898255;B
20240125;100617;166.200000000;500;9463898316;B
20240125;100617;166.190000000;1010;9463898317;S
20240125;100618;166.200000000;10;9463898399;B
20240125;100618;166.200000000;280;9463898437;B
20240125;100619;166.190000000;40;9463898712;S
20240125;100620;166.200000000;40;9463898782;B
20240125;100620;166.190000000;20;9463898800;S
20240125;100621;166.190000000;10;9463898940;S
20240125;100626;166.200000000;40;9463899933;B
20240125;100627;166.200000000;50;9463900032;B
20240125;100627;166.200000000;780;9463900043;B
20240125;100627;166.200000000;20;9463900044;B
20240125;100627;166.200000000;200;9463900045;B
20240125;100628;166.200000000;10;9463900188;B
20240125;100628;166.200000000;10;9463900189;B
20240125;100628;166.190000000;20;9463900228;S
20240125;100628;166.190000000;30;9463900229;S
20240125;100629;166.190000000;10;9463900409;S
20240125;100629;166.190000000;20;9463900413;S
20240125;100630;166.190000000;10;9463900596;S
20240125;100631;166.190000000;210;9463900692;S
20240125;100631;166.200000000;10;9463900789;B
20240125;100633;166.190000000;30;9463901112;S
20240125;100634;166.200000000;180;9463901276;B
20240125;100634;166.200000000;20;9463901277;B
20240125;100634;166.200000000;80;9463901278;B
20240125;100634;166.200000000;310;9463901279;B
20240125;100634;166.200000000;200;9463901280;B
20240125;100634;166.200000000;250;9463901281;B
20240125;100634;166.200000000;2800;9463901282;B
20240125;100634;166.200000000;50;9463901298;B
20240125;100637;166.200000000;1800;9463901796;B
20240125;100637;166.190000000;130;9463901828;S
20240125;100638;166.200000000;350;9463901898;B
20240125;100638;166.200000000;960;9463901899;B
20240125;100640;166.200000000;200;9463902372;B
20240125;100640;166.200000000;1840;9463902373;B
20240125;100640;166.200000000;1000;9463902374;B
20240125;100640;166.200000000;300;9463902375;B
20240125;100640;166.200000000;60;9463902463;S
20240125;100640;166.200000000;170;9463902464;S
20240125;100641;166.210000000;20;9463902531;B
20240125;100641;166.230000000;10;9463902687;B
20240125;100641;166.230000000;10;9463902688;B
20240125;100641;166.230000000;500;9463902711;B
20240125;100642;166.230000000;1480;9463902800;B
20240125;100642;166.230000000;110;9463902801;B
20240125;100642;166.230000000;90;9463902802;B
20240125;100642;166.230000000;500;9463903004;B
20240125;100644;166.220000000;30;9463903829;S
20240125;100646;166.220000000;90;9463904318;S
20240125;100650;166.220000000;60;9463904751;S
20240125;100651;166.220000000;20;9463905073;S
20240125;100651;166.200000000;470;9463905074;S
20240125;100654;166.200000000;300;9463905777;B
20240125;100655;166.200000000;20;9463906077;B
20240125;100655;166.190000000;10;9463906113;S
20240125;100655;166.200000000;100;9463906255;B
20240125;100656;166.190000000;80;9463906452;S
20240125;100656;166.190000000;10;9463906453;S
20240125;100656;166.190000000;200;9463906454;S
20240125;100656;166.180000000;30;9463906455;S
20240125;100659;166.190000000;10;9463906940;B
20240125;100702;166.190000000;10;9463907413;B
20240125;100703;166.190000000;70;9463907552;B
20240125;100703;166.190000000;910;9463907565;B
20240125;100703;166.190000000;800;9463907566;B
20240125;100703;166.190000000;100;9463907567;B
20240125;100704;166.190000000;4490;9463907691;S
20240125;100705;166.190000000;80;9463907900;S
20240125;100707;166.200000000;40;9463908279;B
20240125;100708;166.190000000;750;9463908404;S
20240125;100708;166.190000000;210;9463908405;S
20240125;100708;166.190000000;360;9463908406;S
20240125;100709;166.200000000;840;9463908596;B
20240125;100709;166.200000000;160;9463908597;B
20240125;100711;166.180000000;70;9463908842;S
20240125;100711;166.180000000;100;9463908843;S
20240125;100711;166.180000000;100;9463908844;S
20240125;100711;166.180000000;200;9463908845;S
20240125;100711;166.180000000;1300;9463908846;S
20240125;100711;166.170000000;500;9463908847;S
20240125;100711;166.170000000;210;9463908848;S
20240125;100711;166.170000000;1000;9463908849;S
20240125;100711;166.160000000;200;9463908850;S
20240125;100711;166.170000000;210;9463908851;S
20240125;100711;166.170000000;300;9463909098;B
20240125;100711;166.170000000;300;9463909099;B
20240125;100712;166.170000000;10;9463909198;B
20240125;100714;166.170000000;90;9463910110;B
20240125;100714;166.160000000;10;9463910193;S
20240125;100714;166.150000000;50;9463910194;S
20240125;100714;166.150000000;20;9463910195;S
20240125;100714;166.130000000;20;9463910196;S
20240125;100714;166.140000000;300;9463910207;B
20240125;100714;166.140000000;700;9463910208;B
20240125;100715;166.140000000;50;9463910353;B
20240125;100715;166.130000000;10;9463910562;S
20240125;100715;166.130000000;30;9463910563;S
20240125;100715;166.130000000;50;9463910564;S
20240125;100715;166.130000000;60;9463910565;S
20240125;100715;166.130000000;100;9463910566;S
20240125;100715;166.130000000;20;9463910567;S
20240125;100715;166.120000000;210;9463910568;S
20240125;100715;166.120000000;100;9463910569;S
20240125;100715;166.110000000;210;9463910570;S
20240125;100715;166.110000000;50;9463910571;S
20240125;100715;166.100000000;10;9463910572;S
20240125;100715;166.100000000;20;9463910573;S
20240125;100715;166.100000000;210;9463910574;S
20240125;100715;166.100000000;30;9463910575;S
20240125;100715;166.100000000;100;9463910576;S
20240125;100715;166.100000000;10;9463910577;S
20240125;100715;166.100000000;10;9463910578;S
20240125;100715;166.100000000;10;9463910579;S
20240125;100715;166.100000000;1000;9463910580;S
20240125;100715;166.100000000;500;9463910581;S
20240125;100715;166.090000000;100;9463910582;S
20240125;100715;166.090000000;100;9463910583;S
20240125;100715;166.090000000;210;9463910584;S
20240125;100715;166.080000000;200;9463910585;S
20240125;100715;166.080000000;210;9463910586;S
20240125;100715;166.070000000;120;9463910587;S
20240125;100715;166.070000000;100;9463910588;S
20240125;100715;166.070000000;210;9463910589;S
20240125;100715;166.060000000;10;9463910590;S
20240125;100715;166.060000000;10;9463910591;S
20240125;100715;166.060000000;210;9463910592;S
20240125;100715;166.060000000;800;9463910593;S
20240125;100715;166.050000000;200;9463910594;S
20240125;100715;166.050000000;10;9463910595;S
20240125;100715;166.050000000;20;9463910596;S
20240125;100715;166.050000000;50;9463910597;S
20240125;100715;166.050000000;100;9463910598;S
20240125;100715;166.050000000;30;9463910599;S
20240125;100715;166.050000000;210;9463910600;S
20240125;100715;166.050000000;440;9463910601;S
20240125;100715;166.050000000;300;9463910602;S
20240125;100715;166.040000000;2000;9463910603;S
20240125;100715;166.040000000;20;9463910604;S
20240125;100715;166.040000000;500;9463910605;S
20240125;100715;166.040000000;210;9463910606;S
20240125;100715;166.030000000;210;9463910607;S
20240125;100715;166.020000000;680;9463910608;S
20240125;100715;166.030000000;1000;9463910609;S
20240125;100715;166.030000000;1000;9463910610;S
20240125;100715;166.030000000;2000;9463910611;S
20240125;100716;166.060000000;10;9463910692;B
20240125;100716;166.080000000;20;9463910715;B
20240125;100716;166.070000000;1000;9463910774;S
20240125;100716;166.070000000;210;9463910775;S
20240125;100716;166.070000000;1190;9463910776;S
20240125;100719;166.070000000;40;9463911169;B
20240125;100719;166.050000000;100;9463911262;S
20240125;100719;166.060000000;10;9463911307;B
20240125;100720;166.060000000;10;9463911376;B
20240125;100720;166.070000000;10;9463911416;B
20240125;100725;166.050000000;110;9463912319;S
20240125;100725;166.050000000;150;9463912320;S
20240125;100725;166.070000000;10;9463912367;B
20240125;100727;166.080000000;10;9463912588;B
20240125;100731;166.080000000;50;9463913565;B
20240125;100732;166.070000000;300;9463913603;S
20240125;100733;166.070000000;60;9463913846;S
20240125;100733;166.070000000;90;9463913866;S
20240125;100734;166.080000000;120;9463914057;B
20240125;100735;166.110000000;10;9463914169;B
20240125;100735;166.080000000;880;9463914270;S
20240125;100735;166.060000000;100;9463914271;S
20240125;100735;166.060000000;210;9463914272;S
20240125;100735;166.050000000;850;9463914273;S
20240125;100735;166.050000000;100;9463914274;S
20240125;100735;166.050000000;210;9463914275;S
20240125;100735;166.050000000;1000;9463914276;S
20240125;100735;166.050000000;300;9463914277;S
20240125;100735;166.040000000;190;9463914278;S
20240125;100736;166.040000000;20;9463914349;S
20240125;100736;166.040000000;40;9463914350;S
20240125;100736;166.040000000;120;9463914351;S
20240125;100737;166.040000000;20;9463914519;S
20240125;100739;166.040000000;190;9463914970;S
20240125;100739;166.030000000;210;9463914971;S
20240125;100739;166.030000000;110;9463914972;S
20240125;100741;166.040000000;30;9463915289;B
20240125;100742;166.040000000;960;9463915494;B
20240125;100742;166.040000000;10;9463915497;B
20240125;100742;166.050000000;100;9463915525;B
20240125;100742;166.050000000;800;9463915526;B
20240125;100742;166.050000000;10;9463915527;B
20240125;100742;166.060000000;470;9463915689;B
20240125;100742;166.060000000;800;9463915695;B
20240125;100748;166.050000000;50;9463916768;S
20240125;100748;166.050000000;10;9463916769;S
20240125;100748;166.050000000;570;9463916770;S
20240125;100748;166.070000000;10;9463916847;B
20240125;100750;166.030000000;10;9463917274;S
20240125;100751;166.070000000;420;9463917382;B
20240125;100752;166.060000000;10;9463917509;B
20240125;100752;166.050000000;20;9463917511;S
20240125;100753;166.070000000;40;9463917862;B
20240125;100754;166.070000000;10;9463918056;B
20240125;100756;166.050000000;980;9463918403;S
20240125;100756;166.030000000;20;9463918404;S
20240125;100757;166.040000000;1000;9463918501;S
20240125;100757;166.040000000;2210;9463918691;S
20240125;100757;166.030000000;180;9463918692;S
20240125;100757;166.030000000;1000;9463918693;S
20240125;100757;166.030000000;300;9463918694;S
20240125;100757;166.020000000;320;9463918695;S
20240125;100757;166.020000000;20;9463918696;S
20240125;100757;166.020000000;200;9463918697;S
20240125;100757;166.020000000;100;9463918698;S
20240125;100757;166.020000000;30;9463918699;S
20240125;100757;166.020000000;100;9463918700;S
20240125;100757;166.020000000;40;9463918701;S
20240125;100758;166.030000000;10;9463918875;B
20240125;100758;166.030000000;10;9463918893;B
20240125;100758;166.020000000;170;9463918909;S
20240125;100758;166.010000000;30;9463918910;S
20240125;100758;166.020000000;210;9463918911;S
20240125;100758;166.010000000;70;9463918912;S
20240125;100758;166.010000000;50;9463918913;S
20240125;100758;166.010000000;10;9463918914;S
20240125;100758;166.010000000;200;9463918915;S
20240125;100758;166.010000000;40;9463918916;S
20240125;100758;166.010000000;10;9463918917;S
20240125;100758;166.010000000;20;9463918918;S
20240125;100758;166.010000000;1810;9463918919;S
20240125;100758;166.010000000;10;9463918920;S
20240125;100758;166.010000000;40;9463918921;S
20240125;100758;166.010000000;1000;9463918922;S
20240125;100758;166.010000000;210;9463918923;S
20240125;100758;166.010000000;50;9463918924;S
20240125;100758;166.010000000;30;9463918925;S
20240125;100758;166.010000000;240;9463918926;S
20240125;100801;166.030000000;1000;9463919569;B
20240125;100801;166.040000000;300;9463919570;B
20240125;100803;166.040000000;80;9463919872;B
20240125;100803;166.020000000;10;9463919932;S
20240125;100803;166.010000000;160;9463919933;S
20240125;100804;166.040000000;620;9463920029;B
20240125;100804;166.040000000;1810;9463920030;B
20240125;100804;166.040000000;1000;9463920049;S
20240125;100805;166.040000000;180;9463920265;S
20240125;100805;166.010000000;40;9463920266;S
20240125;100805;166.010000000;330;9463920267;S
20240125;100805;166.010000000;30;9463920268;S
20240125;100805;166.010000000;30;9463920269;S
20240125;100805;166.010000000;900;9463920270;S
20240125;100805;166.000000000;17650;9463920271;S
20240125;100805;166.000000000;10;9463920272;S
20240125;100805;166.000000000;50;9463920273;S
20240125;100805;166.000000000;120;9463920274;S
20240125;100805;166.000000000;40;9463920275;S
20240125;100805;166.000000000;500;9463920276;S
20240125;100805;166.000000000;70;9463920277;S
20240125;100805;166.000000000;1050;9463920278;S
20240125;100806;166.000000000;700;9463920432;S
20240125;100807;166.010000000;100;9463920607;B
20240125;100807;166.010000000;1710;9463920665;B
20240125;100807;166.010000000;1000;9463920666;B
20240125;100807;166.010000000;800;9463920667;B
20240125;100808;166.030000000;50;9463920771;B
20240125;100809;166.030000000;950;9463921023;B
20240125;100809;166.040000000;570;9463921024;B
20240125;100809;166.050000000;6480;9463921025;B
20240125;100816;166.030000000;850;9463922170;S
20240125;100816;166.040000000;10;9463922182;B
20240125;100816;166.040000000;10;9463922283;B
20240125;100817;166.030000000;150;9463922409;S
20240125;100817;166.030000000;30;9463922410;S
20240125;100817;166.030000000;210;9463922411;S
20240125;100817;166.030000000;300;9463922412;S
20240125;100817;166.030000000;1000;9463922413;S
20240125;100817;166.030000000;310;9463922414;S
20240125;100818;166.040000000;10;9463922581;B
20240125;100818;166.050000000;990;9463922582;B
20240125;100821;166.040000000;50;9463922985;S
20240125;100821;166.040000000;450;9463922986;S
20240125;100822;166.050000000;70;9463923077;B
20240125;100822;166.030000000;10;9463923119;S
20240125;100823;166.050000000;30;9463923226;B
20240125;100824;166.050000000;10;9463923530;B
20240125;100826;166.040000000;10;9463924039;S
20240125;100826;166.030000000;200;9463924040;S
20240125;100826;166.030000000;1000;9463924041;S
20240125;100826;166.030000000;730;9463924042;S
20240125;100830;166.020000000;1000;9463924599;S
20240125;100830;166.020000000;1000;9463924600;S
20240125;100831;166.020000000;50;9463924686;S
20240125;100833;166.030000000;10;9463924911;B
20240125;100833;166.030000000;100;9463924952;B
20240125;100833;166.030000000;10;9463925030;B
20240125;100835;166.020000000;50;9463925187;S
20240125;100835;166.030000000;1000;9463925277;B
20240125;100836;166.020000000;100;9463925422;S
20240125;100837;166.020000000;800;9463925500;S
20240125;100837;166.020000000;20;9463925501;S
20240125;100837;166.020000000;1000;9463925502;S
20240125;100837;166.020000000;100;9463925503;S
20240125;100837;166.010000000;6490;9463925504;S
20240125;100837;166.010000000;2000;9463925505;S
20240125;100837;166.010000000;200;9463925506;S
20240125;100837;166.010000000;10;9463925507;S
20240125;100837;166.010000000;30;9463925508;S
20240125;100837;166.010000000;780;9463925509;S
20240125;100837;166.010000000;210;9463925510;S
20240125;100837;166.000000000;5510;9463925511;S
20240125;100837;166.020000000;1000;9463925521;S
20240125;100837;166.020000000;600;9463925541;S
20240125;100839;166.020000000;10;9463925723;B
20240125;100840;166.010000000;1000;9463926031;S
20240125;100840;166.010000000;210;9463926032;S
20240125;100840;166.000000000;6790;9463926033;S
20240125;100840;166.010000000;20;9463926034;B
20240125;100842;166.010000000;10;9463926318;B
20240125;100843;166.020000000;10;9463926393;B
20240125;100844;166.020000000;280;9463926621;B
20240125;100846;166.010000000;10;9463926975;B
20240125;100846;166.010000000;10;9463926983;B
20240125;100846;166.000000000;150;9463927009;S
20240125;100847;166.000000000;700;9463927057;S
20240125;100847;166.020000000;10;9463927089;B
20240125;100847;166.020000000;190;9463927090;B
20240125;100848;166.000000000;1200;9463927200;S
20240125;100848;166.000000000;100;9463927275;S
20240125;100849;166.000000000;100;9463927356;S
20240125;100849;166.020000000;10;9463927380;B
20240125;100849;166.020000000;400;9463927430;B
20240125;100855;166.020000000;10;9463928153;B
20240125;100855;166.020000000;190;9463928200;B
20240125;100855;166.020000000;310;9463928201;B
20240125;100856;166.020000000;520;9463928371;B
20240125;100857;166.010000000;180;9463928562;S
20240125;100857;166.000000000;100;9463928563;S
20240125;100857;166.020000000;10;9463928573;B
20240125;100857;166.030000000;100;9463928579;B
20240125;100859;166.020000000;90;9463928802;S
20240125;100859;166.020000000;400;9463928803;S
20240125;100859;166.010000000;280;9463928804;S
20240125;100859;166.010000000;210;9463928805;S
20240125;100859;166.000000000;750;9463928806;S
20240125;100859;166.030000000;260;9463928877;B
20240125;100859;166.030000000;170;9463928915;B
20240125;100901;166.030000000;200;9463929185;B
20240125;100901;166.030000000;10;9463929228;B
20240125;100901;166.030000000;1200;9463929273;B
20240125;100901;166.030000000;1000;9463929274;B
20240125;100901;166.030000000;90;9463929275;B
20240125;100902;166.040000000;10;9463929463;B
20240125;100905;166.030000000;1600;9463929814;S
20240125;100905;166.010000000;140;9463929815;S
20240125;100905;166.010000000;1810;9463929816;S
20240125;100905;166.000000000;1820;9463929817;S
20240125;100907;166.040000000;20;9463930202;B
20240125;100909;166.040000000;10;9463930479;B
20240125;100911;166.040000000;30;9463930723;B
20240125;100911;166.040000000;30;9463930724;B
20240125;100913;166.040000000;10;9463931176;S
20240125;100913;166.040000000;1000;9463931177;S
20240125;100913;166.040000000;800;9463931178;S
20240125;100913;166.030000000;80;9463931179;S
20240125;100913;166.020000000;1000;9463931180;S
20240125;100913;166.010000000;70;9463931181;S
20240125;100913;166.010000000;300;9463931182;S
20240125;100913;166.010000000;1740;9463931183;S
20240125;100915;166.050000000;1000;9463931437;B
20240125;100917;166.050000000;100;9463931670;B
20240125;100917;166.050000000;200;9463931688;B
20240125;100918;166.040000000;10;9463931762;B
20240125;100919;166.040000000;90;9463931913;B
20240125;100919;166.050000000;760;9463931914;B
20240125;100925;166.040000000;500;9463932697;S
20240125;100925;166.040000000;500;9463932754;S
20240125;100925;166.030000000;1500;9463932755;S
20240125;100927;166.020000000;30;9463932928;S
20240125;100927;166.010000000;710;9463932929;S
20240125;100927;166.010000000;210;9463932930;S
20240125;100927;166.000000000;850;9463932931;S
20240125;100928;166.030000000;800;9463933088;B
20240125;100928;166.040000000;1200;9463933089;B
20240125;100928;166.040000000;980;9463933105;B
20240125;100928;166.040000000;10;9463933106;B
20240125;100928;166.050000000;10;9463933107;B
20240125;100934;166.050000000;100;9463934177;B
20240125;100934;166.050000000;250;9463934178;B
20240125;100934;166.050000000;500;9463934179;B
20240125;100934;166.050000000;290;9463934180;B
20240125;100934;166.050000000;250;9463934181;B
20240125;100937;166.070000000;10;9463935117;B
20240125;100940;166.070000000;110;9463935943;B
20240125;100940;166.070000000;40;9463935944;B
20240125;100941;166.090000000;10;9463936079;B
20240125;100941;166.100000000;100;9463936080;B
20240125;100941;166.100000000;30;9463936081;B
20240125;100941;166.100000000;30;9463936082;B
20240125;100941;166.100000000;280;9463936083;B
20240125;100942;166.110000000;10;9463936252;S
20240125;100945;166.130000000;10;9463936572;B
20240125;100947;166.130000000;200;9463936868;B
20240125;100947;166.130000000;800;9463936869;B
20240125;100950;166.140000000;1000;9463937249;B
20240125;100951;166.140000000;10;9463937529;B
20240125;100951;166.140000000;10;9463937569;B
20240125;100952;166.150000000;10;9463937741;B
20240125;100953;166.150000000;10;9463937845;B
20240125;100955;166.150000000;10;9463938159;B
20240125;100955;166.150000000;10;9463938237;B
20240125;100956;166.140000000;50;9463938375;S
20240125;101004;166.140000000;10;9463939467;S
20240125;101005;166.150000000;20;9463939474;B
20240125;101005;166.140000000;80;9463939487;S
20240125;101011;166.150000000;150;9463940999;B
20240125;101011;166.150000000;10;9463941000;B
20240125;101011;166.150000000;1000;9463941001;B
20240125;101011;166.150000000;50;9463941002;B
20240125;101011;166.150000000;1000;9463941003;B
20240125;101011;166.150000000;2790;9463941004;B
20240125;101012;166.150000000;80;9463941047;B
20240125;101012;166.140000000;1650;9463941145;S
20240125;101012;166.140000000;300;9463941146;S
20240125;101012;166.140000000;3050;9463941147;S
20240125;101016;166.140000000;50;9463941640;S
20240125;101016;166.150000000;10;9463941751;B
20240125;101020;166.140000000;20;9463942160;S
20240125;101020;166.150000000;70;9463942236;B
20240125;101021;166.140000000;60;9463942309;S
20240125;101023;166.150000000;140;9463942571;B
20240125;101023;166.150000000;50;9463942572;B
20240125;101023;166.140000000;20;9463942617;S
20240125;101023;166.140000000;10;9463942683;S
20240125;101027;166.150000000;10;9463943159;B
20240125;101027;166.150000000;390;9463943162;B
20240125;101027;166.150000000;210;9463943163;B
20240125;101027;166.150000000;400;9463943164;B
20240125;101030;166.150000000;30;9463943589;B
20240125;101031;166.140000000;10;9463943668;S
20240125;101032;166.140000000;230;9463943775;S
20240125;101040;166.150000000;1000;9463944888;B
20240125;101041;166.140000000;490;9463944986;S
20240125;101041;166.140000000;1010;9463944987;S
20240125;101042;166.140000000;30;9463945195;S
20240125;101043;166.140000000;670;9463945321;S
20240125;101044;166.150000000;10;9463945379;B
20240125;101045;166.150000000;200;9463945515;B
20240125;101045;166.150000000;30;9463945518;B
20240125;101046;166.150000000;10;9463945597;B
20240125;101048;166.150000000;10;9463945784;B
20240125;101050;166.150000000;310;9463946070;B
20240125;101050;166.160000000;30;9463946071;B
20240125;101050;166.170000000;1000;9463946145;S
20240125;101050;166.170000000;800;9463946146;S
20240125;101050;166.160000000;1000;9463946147;S
20240125;101050;166.150000000;300;9463946148;S
20240125;101050;166.140000000;1290;9463946149;S
20240125;101050;166.140000000;80;9463946150;S
20240125;101051;166.140000000;10;9463946264;B
20240125;101056;166.140000000;10;9463946788;B
20240125;101056;166.140000000;10;9463946797;B
20240125;101056;166.140000000;260;9463946938;B
20240125;101057;166.140000000;1000;9463947034;B
20240125;101058;166.130000000;10;9463947057;S
20240125;101059;166.140000000;10;9463947200;B
20240125;101100;166.140000000;10;9463947465;B
20240125;101101;166.140000000;1220;9463947506;B
20240125;101101;166.140000000;300;9463947507;B
20240125;101101;166.140000000;1000;9463947508;B
20240125;101101;166.140000000;110;9463947509;B
20240125;101107;166.150000000;50;9463948339;B
20240125;101107;166.160000000;210;9463948340;B
20240125;101107;166.170000000;210;9463948341;B
20240125;101107;166.180000000;210;9463948342;B
20240125;101107;166.190000000;150;9463948343;B
20240125;101107;166.190000000;210;9463948344;B
20240125;101107;166.200000000;100;9463948345;B
20240125;101107;166.200000000;210;9463948346;B
20240125;101107;166.200000000;20;9463948347;B
20240125;101107;166.200000000;430;9463948348;B
20240125;101109;166.200000000;100;9463948457;B
20240125;101112;166.210000000;10;9463948784;B
20240125;101115;166.210000000;30;9463949084;B
20240125;101117;166.180000000;100;9463949390;S
20240125;101118;166.180000000;10;9463949486;S
20240125;101120;166.180000000;10;9463949866;S
20240125;101127;166.210000000;10;9463950980;B
20240125;101130;166.210000000;10;9463951354;B
20240125;101134;166.210000000;20;9463951910;B
20240125;101138;166.210000000;50;9463952569;B
20240125;101139;166.210000000;570;9463952675;B
20240125;101139;166.220000000;10;9463952676;B
20240125;101139;166.220000000;30;9463952677;B
20240125;101139;166.220000000;2000;9463952678;B
20240125;101139;166.230000000;210;9463952679;B
20240125;101139;166.230000000;770;9463952680;B
20240125;101139;166.230000000;1000;9463952681;B
20240125;101142;166.240000000;10;9463952998;B
20240125;101143;166.240000000;10;9463953119;B
20240125;101143;166.240000000;760;9463953124;B
20240125;101143;166.240000000;100;9463953125;B
20240125;101143;166.240000000;340;9463953126;B
20240125;101144;166.230000000;240;9463953280;S
20240125;101145;166.240000000;8850;9463953400;B
20240125;101145;166.240000000;10;9463953401;B
20240125;101145;166.250000000;100;9463953402;B
20240125;101145;166.260000000;210;9463953403;B
20240125;101145;166.270000000;10;9463953404;B
20240125;101145;166.270000000;210;9463953405;B
20240125;101145;166.270000000;610;9463953406;B
20240125;101145;166.270000000;40;9463953419;B
20240125;101145;166.260000000;300;9463953435;S
20240125;101145;166.260000000;200;9463953436;S
20240125;101145;166.270000000;70;9463953460;B
20240125;101146;166.260000000;10;9463953527;S
20240125;101147;166.260000000;100;9463953643;S
20240125;101147;166.270000000;200;9463953755;B
20240125;101150;166.270000000;10;9463954166;B
20240125;101152;166.260000000;2680;9463954361;S
20240125;101152;166.250000000;300;9463954362;S
20240125;101152;166.240000000;180;9463954363;S
20240125;101152;166.240000000;2680;9463954364;S
20240125;101152;166.230000000;4820;9463954365;S
20240125;101152;166.210000000;30;9463954366;S
20240125;101152;166.210000000;210;9463954367;S
20240125;101152;166.200000000;1000;9463954368;S
20240125;101152;166.200000000;210;9463954369;S
20240125;101152;166.200000000;810;9463954370;S
20240125;101152;166.200000000;5000;9463954371;S
20240125;101152;166.190000000;210;9463954372;S
20240125;101152;166.190000000;800;9463954373;S
20240125;101152;166.190000000;1070;9463954374;S
20240125;101156;166.230000000;100;9463955041;B
20240125;101156;166.220000000;200;9463955043;B
20240125;101157;166.220000000;10;9463955165;B
20240125;101158;166.230000000;30;9463955305;B
20240125;101158;166.200000000;10;9463955381;S
20240125;101158;166.200000000;110;9463955382;S
20240125;101158;166.210000000;800;9463955383;B
20240125;101158;166.220000000;200;9463955384;B
20240125;101202;166.210000000;80;9463955810;B
20240125;101203;166.200000000;890;9463955965;S
20240125;101203;166.180000000;10;9463955966;S
20240125;101203;166.180000000;800;9463955967;S
20240125;101203;166.170000000;300;9463955968;S
20240125;101203;166.170000000;690;9463955969;S
20240125;101203;166.160000000;100;9463955970;S
20240125;101203;166.160000000;40;9463955971;S
20240125;101203;166.180000000;800;9463955978;B
20240125;101203;166.200000000;800;9463955979;B
20240125;101203;166.200000000;300;9463955980;B
20240125;101203;166.210000000;1000;9463955981;B
20240125;101205;166.220000000;10;9463956366;B
20240125;101208;166.220000000;190;9463956735;B
20240125;101209;166.220000000;10;9463956857;B
20240125;101215;166.230000000;10;9463957575;B
20240125;101217;166.250000000;500;9463957768;B
20240125;101220;166.250000000;130;9463958129;S
20240125;101225;166.270000000;30;9463958795;B
20240125;101227;166.250000000;40;9463959303;S
20240125;101228;166.260000000;10;9463959437;B
20240125;101228;166.250000000;40;9463959529;S
20240125;101230;166.260000000;20;9463959944;B
20240125;101233;166.260000000;10;9463960369;B
20240125;101234;166.260000000;260;9463960451;B
20240125;101235;166.270000000;50;9463960486;B
20240125;101239;166.250000000;10;9463960977;S
20240125;101242;166.270000000;20;9463961335;B
20240125;101243;166.250000000;40;9463961425;S
20240125;101245;166.270000000;10;9463961770;B
20240125;101250;166.270000000;10;9463962376;B
20240125;101251;166.260000000;50;9463962576;S
20240125;101251;166.260000000;20;9463962577;S
20240125;101251;166.260000000;600;9463962578;S
20240125;101251;166.270000000;10;9463962585;B
20240125;101253;166.270000000;10;9463962910;B
20240125;101301;166.260000000;10;9463964189;S
20240125;101304;166.270000000;40;9463964606;B
20240125;101305;166.270000000;50;9463964723;B
20240125;101306;166.270000000;290;9463964820;B
20240125;101306;166.270000000;610;9463964821;B
20240125;101309;166.260000000;10;9463965156;S
20240125;101309;166.260000000;40;9463965157;S
20240125;101311;166.270000000;50;9463965465;B
20240125;101311;166.260000000;100;9463965503;S
20240125;101312;166.270000000;120;9463965701;B
20240125;101312;166.270000000;10;9463965702;B
20240125;101312;166.270000000;10;9463965703;B
20240125;101312;166.270000000;460;9463965704;B
20240125;101313;166.260000000;370;9463965875;S
20240125;101314;166.270000000;10;9463965973;B
20240125;101316;166.270000000;20;9463966294;B
20240125;101316;166.270000000;170;9463966295;B
20240125;101317;166.270000000;20;9463966332;B
20240125;101319;166.270000000;10;9463966581;B
20240125;101323;166.270000000;100;9463967142;B
20240125;101324;166.270000000;20;9463967193;B
20240125;101325;166.260000000;50;9463967261;S
20240125;101325;166.270000000;400;9463967340;B
20240125;101326;166.260000000;30;9463967511;S
20240125;101327;166.260000000;5000;9463967580;S
20240125;101330;166.260000000;10;9463967960;S
20240125;101330;166.260000000;10;9463967961;S
20240125;101330;166.260000000;100;9463967995;S
20240125;101330;166.260000000;20;9463967996;S
20240125;101330;166.260000000;20;9463967997;S
20240125;101330;166.260000000;20;9463967998;S
20240125;101330;166.260000000;10;9463967999;S
20240125;101330;166.260000000;120;9463968024;B
20240125;101330;166.260000000;110;9463968025;B
20240125;101330;166.250000000;870;9463968031;S
20240125;101330;166.250000000;2000;9463968032;S
20240125;101330;166.250000000;600;9463968033;S
20240125;101330;166.250000000;1000;9463968034;S
20240125;101330;166.250000000;60;9463968035;S
20240125;101330;166.250000000;10;9463968036;S
20240125;101330;166.250000000;10;9463968037;S
20240125;101330;166.250000000;10;9463968038;S
20240125;101330;166.250000000;100;9463968039;S
20240125;101330;166.250000000;20;9463968040;S
20240125;101330;166.250000000;100;9463968041;S
20240125;101330;166.230000000;90;9463968042;S
20240125;101330;166.230000000;30;9463968043;S
20240125;101330;166.220000000;200;9463968044;S
20240125;101330;166.220000000;10;9463968045;S
20240125;101330;166.210000000;20;9463968046;S
20240125;101330;166.200000000;10;9463968047;S
20240125;101330;166.200000000;150;9463968048;S
20240125;101330;166.200000000;100;9463968049;S
20240125;101330;166.200000000;500;9463968050;S
20240125;101330;166.200000000;1000;9463968051;S
20240125;101330;166.200000000;2000;9463968052;S
20240125;101330;166.200000000;10;9463968053;S
20240125;101330;166.190000000;100;9463968054;S
20240125;101330;166.190000000;210;9463968055;S
20240125;101330;166.190000000;10;9463968056;S
20240125;101330;166.190000000;300;9463968057;S
20240125;101330;166.180000000;210;9463968058;S
20240125;101330;166.180000000;5000;9463968059;S
20240125;101330;166.170000000;210;9463968060;S
20240125;101330;166.170000000;800;9463968061;S
20240125;101330;166.160000000;210;9463968062;S
20240125;101330;166.160000000;2000;9463968063;S
20240125;101330;166.160000000;340;9463968064;S
20240125;101330;166.150000000;300;9463968065;S
20240125;101330;166.150000000;210;9463968066;S
20240125;101330;166.150000000;150;9463968067;S
20240125;101330;166.150000000;8000;9463968068;S
