<DATE>;<TIME>;<LAST>;<VOL>;<ID>;<OPER>
20240427;095940;162.69;50;10217731187;S
20240427;095940;162.69;20;10217731188;S
20240427;095940;162.69;40;10217731189;S
20240427;095940;162.69;20;10217731190;S
20240427;095940;162.69;200;10217731191;S
20240427;095940;162.69;50;10217731192;S
20240427;095940;162.69;20;10217731193;S
20240427;095940;162.69;160;10217731194;S
20240427;095940;162.69;100;10217731195;S
20240427;095940;162.69;60;10217731196;S
20240427;095940;162.69;180;10217731197;S
20240427;095940;162.69;40;10217731198;S
20240427;095940;162.69;10;10217731199;S
20240427;095940;162.69;10;10217731200;B
20240427;095940;162.69;270;10217731201;B
20240427;095940;162.69;10;10217731202;S
20240427;095940;162.69;10;10217731203;S
20240427;095940;162.69;20;10217731204;S
20240427;095940;162.69;20;10217731205;S
20240427;095940;162.69;120;10217731206;S
20240427;095940;162.69;10;10217731207;S
20240427;095940;162.69;40;10217731208;S
20240427;095940;162.69;10;10217731209;B
20240427;095940;162.69;10;10217731210;B
20240427;095940;162.69;10;10217731211;B
20240427;095940;162.69;10;10217731212;B
20240427;095940;162.69;10;10217731213;B
20240427;095940;162.69;10;10217731214;B
20240427;095940;162.69;30;10217731215;B
20240427;095940;162.69;630;10217731216;B
20240427;095940;162.69;20;10217731217;B
20240427;095940;162.69;40;10217731218;S
20240427;095940;162.69;30;10217731219;S
20240427;095940;162.69;40;10217731220;S
20240427;095940;162.69;30;10217731221;S
20240427;095940;162.69;250;10217731222;S
20240427;095940;162.69;50;10217731223;B
20240427;095940;162.69;620;10217731224;S
20240427;095940;162.69;10;10217731225;B
20240427;095940;162.69;200;10217731226;B
20240427;095940;162.69;10;10217731227;S
20240427;095940;162.69;70;10217731228;B
20240427;095940;162.69;10;10217731229;B
20240427;095940;162.69;50;10217731230;B
20240427;095940;162.69;440;10217731231;S
20240427;095940;162.69;50;10217731232;S
20240427;095940;162.69;10;10217731233;S
20240427;095940;162.69;20;10217731234;B
20240427;095940;162.69;40;10217731235;B
20240427;095940;162.69;10;10217731236;B
20240427;095940;162.69;10;10217731237;B
20240427;095940;162.69;10;10217731238;B
20240427;095940;162.69;10;10217731239;B
20240427;095940;162.69;30;10217731240;B
20240427;095940;162.69;80;10217731241;B
20240427;095940;162.69;10;10217731242;B
20240427;095940;162.69;30;10217731243;B
20240427;095940;162.69;20;10217731244;B
20240427;095940;162.69;10;10217731245;B
20240427;095940;162.69;10;10217731246;S
20240427;095940;162.69;170;10217731247;S
20240427;100000;162.6;10;10217733981;S
20240427;100000;162.6;10;10217733982;S
20240427;100000;162.6;980;10217733983;S
20240427;100000;162.6;20;10217734038;S
20240427;100000;162.53;220;10217734045;S
20240427;100000;162.53;50;10217734046;S
20240427;100001;162.53;50;10217734403;S
20240427;100001;162.53;10;10217734516;S
20240427;100004;162.54;10;10217735744;B
20240427;100004;162.54;100;10217735745;B
20240427;100004;162.54;10;10217735746;B
20240427;100004;162.53;10;10217736084;S
20240427;100004;162.54;20;10217736087;B
20240427;100004;162.54;10;10217736091;B
20240427;100004;162.54;10;10217736098;B
20240427;100004;162.53;110;10217736103;S
20240427;100004;162.53;60;10217736104;S
20240427;100004;162.54;300;10217736200;B
20240427;100004;162.53;10;10217736210;S
20240427;100004;162.53;30;10217736211;S
20240427;100004;162.54;10;10217736215;B
20240427;100004;162.53;100;10217736218;S
20240427;100004;162.54;10;10217736307;B
20240427;100005;162.54;10;10217736617;B
20240427;100005;162.54;10;10217736618;B
20240427;100005;162.54;20;10217736771;B
20240427;100005;162.54;50;10217736773;B
20240427;100005;162.53;10;10217736774;S
20240427;100005;162.54;10;10217737013;B
20240427;100005;162.54;10;10217737014;B
20240427;100005;162.54;10;10217737016;B
20240427;100005;162.53;20;10217737225;S
20240427;100005;162.53;10;10217737229;S
20240427;100005;162.54;10;10217737365;B
20240427;100005;162.54;50;10217737366;B
20240427;100005;162.54;10;10217737367;B
20240427;100005;162.54;10;10217737369;B
20240427;100005;162.53;10;10217737370;S
20240427;100005;162.53;40;10217737391;S
20240427;100006;162.53;700;10217737510;S
20240427;100006;162.53;10;10217737698;S
20240427;100006;162.53;10;10217737703;S
20240427;100006;162.54;10;10217737713;B
20240427;100006;162.53;80;10217737716;S
20240427;100006;162.54;40;10217737734;B
20240427;100006;162.54;20;10217737738;B
20240427;100006;162.54;10;10217737742;B
20240427;100006;162.54;30;10217737744;B
20240427;100006;162.53;80;10217737797;S
20240427;100006;162.54;10;10217737798;B
20240427;100006;162.54;10;10217737799;B
20240427;100006;162.54;10;10217737800;B
20240427;100006;162.53;50;10217737841;S
20240427;100006;162.53;10;10217738188;S
20240427;100006;162.53;100;10217738190;S
20240427;100006;162.53;10;10217738191;S
20240427;100006;162.53;60;10217738366;S
20240427;100006;162.53;10;10217738368;S
20240427;100007;162.54;20;10217738721;B
20240427;100007;162.53;10;10217738723;S
20240427;100007;162.54;10;10217738856;B
20240427;100007;162.53;10;10217739059;S
20240427;100007;162.54;20;10217739064;B
20240427;100007;162.54;10;10217739066;B
20240427;100007;162.53;10;10217739070;S
20240427;100007;162.54;10;10217739165;B
20240427;100007;162.54;20;10217739183;B
20240427;100007;162.54;10;10217739189;B
20240427;100007;162.53;20;10217739594;S
20240427;100007;162.53;540;10217739595;S
20240427;100007;162.53;60;10217739596;S
20240427;100007;162.54;10;10217739597;B
20240427;100007;162.53;160;10217739618;S
20240427;100007;162.53;300;10217739619;S
20240427;100007;162.53;340;10217739620;S
20240427;100008;162.54;10;10217739877;B
20240427;100008;162.53;10;10217739878;S
20240427;100008;162.53;10;10217740045;S
20240427;100010;162.54;10;10217740481;B
20240427;100010;162.54;20;10217740488;B
20240427;100010;162.53;1500;10217740489;S
20240427;100010;162.54;10;10217740626;B
20240427;100010;162.54;20;10217740651;B
20240427;100010;162.58;210;10217740652;B
20240427;100010;162.58;10;10217740693;B
20240427;100010;162.53;70;10217740818;S
20240427;100010;162.53;140;10217740819;S
20240427;100010;162.58;20;10217740849;B
20240427;100011;162.55;220;10217741011;S
20240427;100011;162.54;50;10217741012;S
20240427;100011;162.54;130;10217741013;S
20240427;100011;162.53;200;10217741014;S
20240427;100011;162.58;10;10217741066;B
20240427;100012;162.58;50;10217741117;B
20240427;100012;162.59;30;10217741118;B
20240427;100014;162.55;10;10217741395;S
20240427;100018;162.57;10;10217741970;S
20240427;100019;162.59;500;10217742121;B
20240427;100020;162.59;100;10217742156;B
20240427;100020;162.59;200;10217742190;B
20240427;100021;162.59;10;10217742344;B
20240427;100022;162.59;10;10217742527;B
20240427;100027;162.57;10;10217743204;S
20240427;100027;162.59;10;10217743232;B
20240427;100027;162.58;10;10217743273;S
20240427;100027;162.59;120;10217743300;B
20240427;100027;162.59;880;10217743301;B
20240427;100029;162.59;120;10217743593;B
20240427;100029;162.59;320;10217743594;B
20240427;100029;162.66;1000;10217743595;B
20240427;100029;162.66;300;10217743596;B
20240427;100029;162.67;1000;10217743597;B
20240427;100029;162.67;1850;10217743598;B
20240427;100029;162.68;1000;10217743599;B
20240427;100029;162.68;1850;10217743600;B
20240427;100029;162.68;2560;10217743601;B
20240427;100030;162.67;10;10217743759;B
20240427;100030;162.67;10;10217743769;B
20240427;100031;162.66;10;10217744302;B
20240427;100031;162.61;30;10217744322;S
20240427;100032;162.62;50;10217744403;S
20240427;100032;162.62;50;10217744404;S
20240427;100033;162.66;10;10217744818;B
20240427;100034;162.63;100;10217745086;S
20240427;100035;162.66;10;10217745231;B
20240427;100036;162.66;60;10217745313;B
20240427;100036;162.69;40;10217745314;B
20240427;100036;162.69;10;10217745376;B
20240427;100037;162.69;10;10217745564;B
20240427;100039;162.63;200;10217745941;S
20240427;100039;162.62;220;10217745942;S
20240427;100039;162.62;80;10217745943;S
20240427;100040;162.63;230;10217745963;S
20240427;100040;162.69;10;10217746032;B
20240427;100042;162.69;140;10217746397;B
20240427;100045;162.69;1220;10217746698;B
20240427;100046;162.69;10;10217746820;B
20240427;100046;162.64;210;10217746834;S
20240427;100047;162.64;10;10217747014;S
20240427;100047;162.69;10;10217747019;B
20240427;100048;162.69;3000;10217747214;B
20240427;100049;162.69;20;10217747317;B
20240427;100049;162.69;30;10217747341;B
20240427;100049;162.65;20;10217747343;S
20240427;100049;162.64;10;10217747353;S
20240427;100050;162.66;100;10217747504;S
20240427;100050;162.69;10;10217747505;B
20240427;100051;162.66;100;10217747753;S
20240427;100053;162.69;30;10217748050;B
20240427;100053;162.69;20;10217748051;B
20240427;100053;162.69;30;10217748063;B
20240427;100053;162.69;10;10217748072;B
20240427;100055;162.69;230;10217748366;B
20240427;100056;162.66;150;10217748536;S
20240427;100057;162.69;320;10217748671;B
20240427;100059;162.69;10;10217748877;B
20240427;100059;162.69;10;10217749048;B
20240427;100100;162.66;10;10217749206;S
20240427;100100;162.66;310;10217749217;S
20240427;100101;162.69;400;10217749254;B
20240427;100101;162.69;10;10217749359;B
20240427;100102;162.69;10;10217749411;B
20240427;100102;162.64;500;10217749430;S
20240427;100103;162.69;10;10217749492;B
20240427;100103;162.69;740;10217749506;B
20240427;100103;162.69;20;10217749517;B
20240427;100104;162.64;1110;10217749643;S
20240427;100104;162.63;1100;10217749644;S
20240427;100104;162.69;380;10217749709;B
20240427;100104;162.69;10;10217749751;B
20240427;100107;162.69;50;10217750175;B
20240427;100108;162.69;230;10217750269;B
20240427;100108;162.69;20;10217750311;B
20240427;100108;162.69;20;10217750338;B
20240427;100109;162.69;10;10217750411;B
20240427;100110;162.69;10;10217750468;B
20240427;100110;162.69;20;10217750469;B
20240427;100110;162.69;10;10217750476;B
20240427;100113;162.68;10;10217750837;B
20240427;100117;162.68;10;10217751396;B
20240427;100118;162.68;220;10217751548;B
20240427;100118;162.69;280;10217751549;B
20240427;100118;162.69;10;10217751575;B
20240427;100119;162.69;150;10217751591;B
20240427;100120;162.69;430;10217751851;B
20240427;100121;162.69;100;10217751959;B
20240427;100121;162.69;10;10217751990;B
20240427;100122;162.69;50;10217752017;B
20240427;100122;162.69;10;10217752092;B
20240427;100124;162.69;30;10217752297;B
20240427;100128;162.69;30;10217752625;B
20240427;100129;162.64;10;10217752662;S
20240427;100129;162.63;830;10217752663;S
20240427;100129;162.63;10;10217752664;S
20240427;100129;162.63;70;10217752665;S
20240427;100129;162.63;80;10217752666;S
20240427;100130;162.69;1310;10217752768;B
20240427;100130;162.7;60;10217752769;B
20240427;100130;162.7;10;10217752770;B
20240427;100130;162.7;20;10217752771;B
20240427;100130;162.71;1000;10217752772;B
20240427;100130;162.72;1000;10217752773;B
20240427;100130;162.73;1000;10217752774;B
20240427;100130;162.74;1000;10217752775;B
20240427;100130;162.75;310;10217752776;B
20240427;100130;162.75;1000;10217752777;B
20240427;100130;162.75;160;10217752778;B
20240427;100130;162.75;3130;10217752779;B
20240427;100131;162.76;20;10217752958;B
20240427;100131;162.74;10;10217752982;B
20240427;100131;162.74;100;10217753011;B
20240427;100131;162.74;30;10217753047;B
20240427;100132;162.69;100;10217753070;S
20240427;100132;162.69;50;10217753071;S
20240427;100132;162.65;30;10217753093;S
20240427;100134;162.69;10;10217753236;B
20240427;100135;162.69;10;10217753363;B
20240427;100136;162.69;10;10217753458;B
20240427;100136;162.69;10;10217753476;B
20240427;100137;162.69;10;10217753535;B
20240427;100137;162.69;40;10217753536;B
20240427;100137;162.69;10;10217753568;B
20240427;100138;162.69;10;10217753695;B
20240427;100138;162.69;40;10217753703;B
20240427;100138;162.74;60;10217753704;B
20240427;100138;162.77;400;10217753705;B
20240427;100139;162.64;20;10217753739;S
20240427;100139;162.77;600;10217753802;B
20240427;100139;162.77;10;10217753803;B
20240427;100139;162.77;960;10217753804;B
20240427;100139;162.78;1000;10217753805;B
20240427;100139;162.78;30;10217753806;B
20240427;100140;162.76;100;10217754060;B
20240427;100140;162.78;190;10217754061;B
20240427;100140;162.78;10;10217754062;B
20240427;100140;162.78;1000;10217754063;B
20240427;100140;162.79;10;10217754064;B
20240427;100140;162.79;4000;10217754065;B
20240427;100140;162.79;520;10217754066;B
20240427;100140;162.79;1000;10217754067;B
20240427;100140;162.79;220;10217754068;B
20240427;100140;162.79;70;10217754069;B
20240427;100140;162.8;990;10217754070;B
20240427;100140;162.8;100;10217754071;B
20240427;100140;162.8;500;10217754072;B
20240427;100140;162.8;220;10217754073;B
20240427;100140;162.8;1000;10217754074;B
20240427;100140;162.81;10100;10217754075;B
20240427;100140;162.81;220;10217754076;B
20240427;100140;162.81;1000;10217754077;B
20240427;100140;162.81;600;10217754078;B
20240427;100140;162.82;220;10217754079;B
20240427;100140;162.82;1000;10217754080;B
20240427;100140;162.82;1930;10217754081;B
20240427;100140;162.69;100;10217754082;S
20240427;100141;162.7;100;10217754317;S
20240427;100146;162.7;100;10217754750;B
20240427;100146;162.79;100;10217754751;B
20240427;100148;162.8;500;10217754934;B
20240427;100148;162.72;100;10217754959;S
20240427;100148;162.7;100;10217754965;S
20240427;100148;162.7;100;10217754973;S
20240427;100148;162.69;40;10217754985;S
20240427;100148;162.69;60;10217754986;S
20240427;100148;162.69;100;10217754997;S
20240427;100148;162.69;100;10217755012;S
20240427;100148;162.81;10;10217755018;B
20240427;100149;162.69;100;10217755025;S
20240427;100149;162.68;20;10217755093;S
20240427;100149;162.63;100;10217755117;S
20240427;100149;162.74;10;10217755227;B
20240427;100151;162.68;20;10217755569;B
20240427;100152;162.68;10;10217755717;B
20240427;100154;162.68;10;10217755964;B
20240427;100154;162.68;10;10217755981;B
20240427;100156;162.68;430;10217756234;B
20240427;100156;162.72;20;10217756235;B
20240427;100156;162.74;380;10217756236;B
20240427;100156;162.75;1110;10217756237;B
20240427;100156;162.75;1000;10217756238;B
20240427;100156;162.75;1000;10217756239;B
20240427;100156;162.76;1000;10217756240;B
20240427;100156;162.76;60;10217756241;B
20240427;100157;162.8;20;10217756319;B
20240427;100157;162.8;20;10217756339;B
20240427;100157;162.8;60;10217756415;B
20240427;100157;162.8;10;10217756416;B
20240427;100158;162.69;10;10217756526;S
20240427;100202;162.7;80;10217756971;B
20240427;100202;162.8;50;10217757024;B
20240427;100203;162.8;40;10217757166;B
20240427;100203;162.8;20;10217757167;B
20240427;100204;162.8;10;10217757203;B
20240427;100204;162.8;10;10217757265;B
20240427;100205;162.7;20;10217757336;S
20240427;100205;162.69;480;10217757337;S
20240427;100206;162.8;10;10217757487;B
20240427;100207;162.8;1060;10217757561;B
20240427;100207;162.8;1480;10217757562;B
20240427;100207;162.81;90;10217757563;B
20240427;100207;162.81;100;10217757564;B
20240427;100207;162.81;100;10217757565;B
20240427;100207;162.81;100;10217757566;B
20240427;100207;162.82;5340;10217757567;B
20240427;100207;162.82;1000;10217757568;B
20240427;100207;162.82;220;10217757569;B
20240427;100207;162.82;100;10217757570;B
20240427;100207;162.83;410;10217757571;B
20240427;100207;162.82;370;10217757614;B
20240427;100207;162.83;630;10217757615;B
20240427;100208;162.83;800;10217757667;B
20240427;100208;162.83;10;10217757730;B
20240427;100209;162.83;10;10217757732;B
20240427;100212;162.83;3140;10217758061;B
20240427;100212;162.83;1930;10217758062;B
20240427;100212;162.83;20;10217758063;B
20240427;100212;162.83;500;10217758064;B
20240427;100212;162.84;10;10217758065;B
20240427;100212;162.84;180;10217758066;B
20240427;100212;162.84;220;10217758067;B
20240427;100212;162.85;10;10217758068;B
20240427;100212;162.85;220;10217758069;B
20240427;100212;162.85;140;10217758070;B
20240427;100212;162.86;20;10217758071;B
20240427;100212;162.86;220;10217758072;B
20240427;100212;162.86;1000;10217758073;B
20240427;100212;162.86;10;10217758074;B
20240427;100212;162.87;220;10217758075;B
20240427;100212;162.87;160;10217758076;B
20240427;100212;162.77;200;10217758079;S
20240427;100212;162.77;200;10217758080;S
20240427;100212;162.77;100;10217758081;S
20240427;100212;162.77;200;10217758082;S
20240427;100212;162.77;100;10217758084;S
20240427;100212;162.77;100;10217758104;B
20240427;100212;162.77;100;10217758105;B
20240427;100212;162.77;400;10217758106;B
20240427;100212;162.77;600;10217758107;B
20240427;100212;162.77;200;10217758108;B
20240427;100212;162.77;200;10217758109;B
20240427;100212;162.86;220;10217758110;B
20240427;100212;162.87;180;10217758111;B
20240427;100212;162.87;40;10217758112;B
20240427;100212;162.87;860;10217758113;B
20240427;100212;162.77;200;10217758116;S
20240427;100212;162.87;220;10217758132;B
20240427;100212;162.87;1000;10217758133;B
20240427;100212;162.88;280;10217758134;B
20240427;100212;162.87;220;10217758167;B
20240427;100212;162.87;830;10217758168;B
20240427;100212;162.86;200;10217758169;S
20240427;100212;162.86;200;10217758170;S
20240427;100212;162.86;100;10217758171;S
20240427;100212;162.86;130;10217758172;S
20240427;100212;162.77;100;10217758175;S
20240427;100212;162.76;200;10217758177;S
20240427;100212;162.76;200;10217758178;S
20240427;100212;162.76;200;10217758179;S
20240427;100212;162.76;100;10217758180;S
20240427;100213;162.73;200;10217758197;S
20240427;100213;162.73;100;10217758198;S
20240427;100213;162.73;100;10217758199;S
20240427;100213;162.73;400;10217758200;S
20240427;100213;162.73;200;10217758201;S
20240427;100214;162.72;100;10217758294;S
20240427;100214;162.72;400;10217758295;S
20240427;100214;162.72;200;10217758296;S
20240427;100214;162.72;200;10217758297;S
20240427;100215;162.7;200;10217758384;S
20240427;100215;162.7;20;10217758385;S
20240427;100215;162.7;60;10217758503;B
20240427;100216;162.69;100;10217758504;S
20240427;100216;162.7;20;10217758505;S
20240427;100216;162.7;100;10217758506;S
20240427;100216;162.7;70;10217758507;S
20240427;100216;162.7;30;10217758508;S
20240427;100216;162.69;170;10217758509;S
20240427;100216;162.7;100;10217758510;S
20240427;100216;162.7;120;10217758511;S
20240427;100216;162.69;180;10217758512;S
20240427;100216;162.7;100;10217758513;S
20240427;100216;162.7;100;10217758514;S
20240427;100216;162.7;20;10217758515;S
20240427;100216;162.69;180;10217758516;S
20240427;100216;162.7;220;10217758517;S
20240427;100216;162.69;80;10217758518;S
20240427;100216;162.7;200;10217758519;S
20240427;100216;162.69;100;10217758520;S
20240427;100216;162.69;400;10217758521;S
20240427;100216;162.69;100;10217758522;S
20240427;100216;162.69;200;10217758523;S
20240427;100216;162.69;100;10217758524;S
20240427;100217;162.77;800;10217758634;B
20240427;100217;162.78;610;10217758635;B
20240427;100217;162.8;10;10217758636;B
20240427;100217;162.8;80;10217758637;B
20240427;100217;162.8;20;10217758638;B
20240427;100217;162.84;610;10217758639;B
20240427;100217;162.85;100;10217758640;B
20240427;100217;162.86;40;10217758641;B
20240427;100217;162.84;20;10217758663;B
20240427;100217;162.85;610;10217758664;B
20240427;100217;162.86;80;10217758665;B
20240427;100217;162.86;120;10217758677;B
20240427;100217;162.86;20;10217758700;B
20240427;100217;162.87;30;10217758701;B
20240427;100218;162.86;10;10217758737;B
20240427;100218;162.72;1000;10217758819;S
20240427;100218;162.72;1000;10217758820;S
20240427;100219;162.86;10;10217758936;B
20240427;100221;162.87;30;10217759016;B
20240427;100221;162.87;220;10217759017;B
20240427;100221;162.88;20;10217759018;B
20240427;100221;162.88;100;10217759019;B
20240427;100221;162.88;10;10217759020;B
20240427;100221;162.88;120;10217759021;B
20240427;100222;162.84;90;10217759091;B
20240427;100224;162.83;80;10217759344;S
20240427;100224;162.72;110;10217759346;S
20240427;100224;162.72;20;10217759347;S
20240427;100225;162.72;250;10217759450;B
20240427;100226;162.72;250;10217759482;S
20240427;100228;162.72;50;10217759840;B
20240427;100230;162.72;10;10217759976;B
20240427;100230;162.7;120;10217760011;S
20240427;100231;162.72;100;10217760061;B
20240427;100231;162.72;90;10217760065;B
20240427;100231;162.81;1000;10217760066;B
20240427;100231;162.82;410;10217760067;B
20240427;100233;162.82;10;10217760293;B
20240427;100233;162.82;90;10217760294;B
20240427;100233;162.85;510;10217760295;B
20240427;100234;162.75;200;10217760348;S
20240427;100235;162.84;200;10217760485;B
20240427;100235;162.85;100;10217760486;B
20240427;100235;162.86;80;10217760487;B
20240427;100235;162.86;120;10217760488;B
20240427;100235;162.72;380;10217760513;S
20240427;100243;162.79;300;10217761320;B
20240427;100244;162.78;10;10217761369;B
20240427;100244;162.78;10;10217761413;B
20240427;100244;162.73;100;10217761425;S
20240427;100244;162.73;50;10217761470;B
20240427;100245;162.72;100;10217761488;S
20240427;100245;162.72;70;10217761489;S
20240427;100246;162.73;10;10217761591;B
20240427;100248;162.73;10;10217761803;B
20240427;100248;162.73;20;10217761804;B
20240427;100249;162.73;20;10217761857;B
20240427;100252;162.73;190;10217762120;B
20240427;100252;162.73;150;10217762215;B
20240427;100256;162.73;10;10217762773;B
20240427;100300;162.73;10;10217763115;B
20240427;100301;162.73;50;10217763332;B
20240427;100302;162.73;10;10217763481;B
20240427;100303;162.72;10;10217763620;S
20240427;100304;162.73;370;10217763729;B
20240427;100304;162.73;250;10217763730;B
20240427;100306;162.72;20;10217763862;S
20240427;100306;162.72;30;10217763863;S
20240427;100306;162.7;10;10217763864;S
20240427;100306;162.7;10;10217763865;S
20240427;100306;162.69;30;10217763866;S
20240427;100306;162.73;10;10217763921;B
20240427;100307;162.7;200;10217763986;S
20240427;100307;162.69;800;10217763987;S
20240427;100310;162.72;110;10217764292;B
20240427;100311;162.72;10;10217764425;B
20240427;100316;162.72;100;10217765066;B
20240427;100316;162.72;350;10217765090;B
20240427;100316;162.72;200;10217765091;B
20240427;100317;162.69;70;10217765168;S
20240427;100317;162.69;100;10217765169;S
20240427;100317;162.67;220;10217765170;S
20240427;100317;162.67;100;10217765171;S
20240427;100317;162.66;1220;10217765172;S
20240427;100317;162.67;220;10217765176;S
20240427;100317;162.66;280;10217765177;S
20240427;100317;162.72;10;10217765226;B
20240427;100318;162.72;10;10217765237;B
20240427;100318;162.67;100;10217765257;S
20240427;100318;162.72;100;10217765316;B
20240427;100320;162.72;10;10217765453;B
20240427;100320;162.72;10;10217765531;B
20240427;100321;162.67;120;10217765645;S
20240427;100321;162.66;1380;10217765646;S
20240427;100326;162.72;10;10217766168;B
20240427;100327;162.72;10;10217766262;B
20240427;100328;162.72;20;10217766393;B
20240427;100329;162.7;50;10217766437;S
20240427;100331;162.68;100;10217766637;B
20240427;100337;162.68;10;10217767260;B
20240427;100339;162.68;100;10217767467;B
20240427;100340;162.68;10;10217767546;B
20240427;100342;162.68;100;10217767667;B
20240427;100344;162.68;110;10217767976;B
20240427;100345;162.67;10;10217767993;S
20240427;100345;162.66;20;10217767994;S
20240427;100347;162.68;10;10217768164;B
20240427;100348;162.68;30;10217768331;B
20240427;100348;162.68;10;10217768336;B
20240427;100349;162.67;50;10217768368;S
20240427;100349;162.68;30;10217768373;B
20240427;100350;162.68;470;10217768487;B
20240427;100350;162.68;140;10217768533;B
20240427;100350;162.68;160;10217768534;B
20240427;100351;162.67;10;10217768580;S
20240427;100352;162.67;10;10217768698;B
20240427;100353;162.66;40;10217768778;S
20240427;100353;162.66;10;10217768779;S
20240427;100353;162.66;100;10217768780;S
20240427;100353;162.65;150;10217768781;S
20240427;100353;162.67;100;10217768810;B
20240427;100355;162.67;360;10217769000;B
20240427;100355;162.68;950;10217769001;B
20240427;100355;162.69;540;10217769002;B
20240427;100356;162.68;10;10217769052;B
20240427;100356;162.68;250;10217769054;B
20240427;100359;162.69;100;10217769513;B
20240427;100400;162.69;10;10217769688;B
20240427;100401;162.69;10;10217769846;B
20240427;100403;162.69;4290;10217770081;B
20240427;100403;162.69;460;10217770082;B
20240427;100406;162.68;400;10217770379;S
20240427;100406;162.67;50;10217770380;S
20240427;100406;162.67;20;10217770381;S
20240427;100406;162.66;1110;10217770382;S
20240427;100406;162.65;70;10217770383;S
20240427;100406;162.65;20;10217770384;S
20240427;100406;162.65;400;10217770385;S
20240427;100406;162.65;610;10217770386;S
20240427;100406;162.65;830;10217770387;S
20240427;100407;162.63;220;10217770495;S
20240427;100407;162.63;1000;10217770496;S
20240427;100407;162.62;220;10217770497;S
20240427;100407;162.62;560;10217770498;S
20240427;100407;162.69;100;10217770537;B
20240427;100408;162.69;20;10217770608;B
20240427;100413;162.69;10;10217771277;B
20240427;100415;162.68;40;10217771447;B
20240427;100415;162.68;10;10217771454;B
20240427;100415;162.68;10;10217771505;B
20240427;100417;162.67;10;10217771635;B
20240427;100418;162.61;220;10217771745;S
20240427;100418;162.61;80;10217771746;S
20240427;100425;162.67;150;10217772564;B
20240427;100426;162.67;10;10217772615;B
20240427;100427;162.67;10;10217772698;B
20240427;100427;162.67;10;10217772729;B
20240427;100429;162.67;1350;10217772852;B
20240427;100429;162.68;180;10217772853;B
20240427;100429;162.68;1470;10217772854;B
20240427;100430;162.68;10;10217772971;B
20240427;100431;162.68;1500;10217773071;B
20240427;100433;162.68;10;10217773274;B
20240427;100434;162.68;30;10217773285;B
20240427;100434;162.66;1000;10217773315;S
20240427;100434;162.66;150;10217773350;S
20240427;100440;162.68;20;10217773951;B
20240427;100442;162.68;10;10217774101;B
20240427;100445;162.68;10;10217774401;B
20240427;100446;162.68;10;10217774683;B
20240427;100449;162.68;60;10217775014;B
20240427;100450;162.68;10;10217775085;B
20240427;100452;162.66;100;10217775271;S
20240427;100453;162.68;10;10217775366;B
20240427;100454;162.68;300;10217775486;B
20240427;100456;162.68;10;10217775670;B
20240427;100459;162.68;10;10217775904;B
20240427;100500;162.68;10;10217775992;B
20240427;100501;162.68;10;10217776166;B
20240427;100502;162.68;40;10217776233;B
20240427;100503;162.68;10;10217776354;B
20240427;100507;162.68;20;10217776700;B
20240427;100509;162.68;20;10217776954;B
20240427;100511;162.68;10;10217777133;B
20240427;100514;162.68;80;10217777585;B
20240427;100515;162.68;20;10217777596;B
20240427;100516;162.66;10;10217777720;S
20240427;100516;162.65;90;10217777721;S
20240427;100519;162.68;10;10217777969;B
20240427;100520;162.67;1020;10217778073;B
20240427;100520;162.68;10;10217778077;B
20240427;100523;162.67;40;10217778337;B
20240427;100524;162.67;30;10217778419;B
20240427;100525;162.67;20;10217778436;B
20240427;100530;162.68;50;10217778847;B
20240427;100531;162.65;200;10217778915;S
20240427;100531;162.65;1940;10217778936;S
20240427;100535;162.67;20;10217779372;B
20240427;100535;162.67;10;10217779420;B
20240427;100535;162.67;10;10217779462;B
20240427;100537;162.65;2370;10217779566;S
20240427;100537;162.65;80;10217779567;S
20240427;100537;162.67;100;10217779646;B
20240427;100538;162.67;20;10217779693;B
20240427;100539;162.67;1310;10217779819;B
20240427;100539;162.67;10;10217779835;B
20240427;100539;162.67;1000;10217779838;B
20240427;100540;162.68;10;10217779920;B
20240427;100540;162.68;10;10217779991;B
20240427;100540;162.65;120;10217779993;S
20240427;100543;162.67;10;10217780287;B
20240427;100545;162.66;10;10217780515;S
20240427;100545;162.65;40;10217780516;S
20240427;100546;162.67;20;10217780565;B
20240427;100550;162.67;10;10217781012;S
20240427;100551;162.67;10;10217781544;B
20240427;100553;162.67;40;10217781732;B
20240427;100554;162.67;10;10217781853;B
20240427;100554;162.67;10;10217781854;B
20240427;100556;162.67;10;10217782021;B
20240427;100557;162.67;10;10217782158;B
20240427;100559;162.67;380;10217782309;B
20240427;100559;162.68;1670;10217782310;B
20240427;100600;162.68;10;10217782337;B
20240427;100600;162.68;20;10217782345;B
20240427;100600;162.68;10;10217782363;B
20240427;100603;162.67;100;10217782689;S
20240427;100608;162.68;3000;10217783133;B
20240427;100608;162.68;20;10217783187;B
20240427;100611;162.68;10;10217783505;B
20240427;100611;162.68;30;10217783685;B
20240427;100613;162.68;30;10217783787;B
20240427;100613;162.68;10;10217783899;B
20240427;100615;162.68;10;10217784763;B
20240427;100616;162.68;50;10217784978;B
20240427;100618;162.68;10;10217785178;B
20240427;100619;162.68;400;10217785292;B
20240427;100619;162.68;10;10217785307;B
20240427;100622;162.68;100;10217785603;B
20240427;100622;162.68;40;10217785618;B
20240427;100622;162.68;10;10217785672;B
20240427;100623;162.68;10;10217785734;B
20240427;100623;162.68;70;10217785736;B
20240427;100626;162.67;100;10217786061;S
20240427;100626;162.67;10;10217786062;S
20240427;100626;162.67;10;10217786063;S
20240427;100626;162.66;320;10217786064;S
20240427;100626;162.68;10;10217786077;B
20240427;100626;162.68;30;10217786079;B
20240427;100626;162.68;10;10217786091;B
20240427;100630;162.67;10;10217786444;B
20240427;100630;162.67;760;10217786452;B
20240427;100630;162.66;10;10217786454;S
20240427;100632;162.67;200;10217786593;B
20240427;100632;162.67;30;10217786610;B
20240427;100632;162.67;100;10217786611;B
20240427;100633;162.68;10;10217786666;B
20240427;100634;162.68;10;10217786770;B
20240427;100635;162.67;170;10217786853;S
20240427;100635;162.66;30;10217786854;S
20240427;100635;162.66;750;10217786866;S
20240427;100635;162.66;250;10217786867;S
20240427;100637;162.68;50;10217787251;B
20240427;100638;162.68;10;10217787328;B
20240427;100640;162.68;10;10217787552;B
20240427;100641;162.68;20;10217787588;B
20240427;100644;162.67;10;10217787953;S
20240427;100650;162.67;10;10217788610;S
20240427;100652;162.68;10;10217788844;B
20240427;100654;162.67;700;10217789137;S
20240427;100655;162.68;10;10217789201;B
20240427;100655;162.67;220;10217789221;S
20240427;100658;162.68;10;10217789629;B
20240427;100659;162.68;40;10217789839;B
20240427;100659;162.68;60;10217789878;B
20240427;100700;162.67;60;10217789937;S
20240427;100700;162.67;940;10217789938;S
20240427;100700;162.68;60;10217790015;B
20240427;100700;162.67;1000;10217790024;S
20240427;100701;162.67;20;10217790117;B
20240427;100703;162.67;10;10217790236;B
20240427;100705;162.67;500;10217790554;B
20240427;100706;162.67;70;10217790683;B
20240427;100706;162.66;10;10217790728;S
20240427;100706;162.66;1000;10217790729;S
20240427;100706;162.66;600;10217790730;S
20240427;100707;162.67;160;10217790784;B
20240427;100709;162.67;1000;10217790974;B
20240427;100709;162.67;200;10217790975;B
20240427;100709;162.67;200;10217790976;B
20240427;100716;162.66;370;10217791643;S
20240427;100718;162.66;30;10217791861;S
20240427;100719;162.67;10;10217791883;B
20240427;100720;162.67;60;10217792012;B
20240427;100722;162.67;10;10217792178;B
20240427;100725;162.67;90;10217792451;B
20240427;100726;162.66;10;10217792597;S
20240427;100727;162.67;160;10217792673;B
20240427;100728;162.67;10;10217792779;B
20240427;100731;162.67;50;10217793052;B
20240427;100731;162.67;10;10217793109;B
20240427;100735;162.67;60;10217793434;B
20240427;100735;162.66;10;10217793466;S
20240427;100743;162.67;500;10217794170;B
20240427;100744;162.67;50;10217794453;B
20240427;100748;162.67;10;10217794772;B
20240427;100751;162.67;10;10217794989;B
20240427;100751;162.66;490;10217795003;S
20240427;100752;162.67;10;10217795123;B
20240427;100756;162.66;90;10217795481;S
20240427;100756;162.66;100;10217795482;S
20240427;100756;162.66;40;10217795483;S
20240427;100800;162.66;10;10217795914;B
20240427;100803;162.65;70;10217796243;S
20240427;100803;162.66;200;10217796262;B
20240427;100804;162.66;10;10217796316;B
20240427;100805;162.66;1000;10217796366;B
20240427;100805;162.65;190;10217796379;S
20240427;100808;162.65;110;10217796707;S
20240427;100809;162.66;10;10217796798;B
20240427;100810;162.65;10;10217796931;S
20240427;100811;162.66;40;10217796996;B
20240427;100811;162.66;260;10217796997;B
20240427;100811;162.65;9380;10217797108;S
20240427;100811;162.65;100;10217797109;S
20240427;100811;162.65;10;10217797110;S
20240427;100811;162.65;10;10217797111;S
20240427;100811;162.65;10;10217797112;S
20240427;100811;162.65;10;10217797113;S
20240427;100811;162.65;20;10217797114;S
20240427;100811;162.65;1110;10217797115;S
20240427;100811;162.65;1540;10217797116;S
20240427;100811;162.65;200;10217797117;S
20240427;100811;162.64;1000;10217797118;S
20240427;100811;162.63;220;10217797119;S
20240427;100811;162.63;10;10217797120;S
20240427;100811;162.63;610;10217797121;S
20240427;100811;162.63;1000;10217797122;S
20240427;100811;162.62;220;10217797123;S
20240427;100811;162.62;60;10217797124;S
20240427;100811;162.62;1930;10217797125;S
20240427;100811;162.62;1000;10217797126;S
20240427;100811;162.61;220;10217797127;S
20240427;100811;162.61;10;10217797128;S
20240427;100811;162.61;1000;10217797129;S
20240427;100811;162.6;10;10217797130;S
20240427;100811;162.6;30;10217797131;S
20240427;100811;162.6;10;10217797132;S
20240427;100811;162.6;20;10217797133;S
20240427;100811;162.6;220;10217797134;S
20240427;100811;162.6;10;10217797135;S
20240427;100811;162.6;620;10217797136;S
20240427;100812;162.65;10;10217797291;B
20240427;100814;162.65;10;10217797563;B
20240427;100817;162.65;10;10217797914;B
20240427;100818;162.65;10;10217798006;B
20240427;100819;162.65;10;10217798125;B
20240427;100824;162.65;100;10217798608;B
20240427;100826;162.65;20;10217798772;B
20240427;100827;162.65;90;10217798876;B
20240427;100829;162.65;10;10217799092;B
20240427;100829;162.64;300;10217799110;S
20240427;100830;162.65;100;10217799191;B
20240427;100830;162.65;10;10217799245;B
20240427;100832;162.64;10;10217799388;S
20240427;100834;162.65;10;10217799549;B
20240427;100837;162.65;10;10217799784;B
20240427;100847;162.65;200;10217800610;B
20240427;100850;162.65;20;10217800930;B
20240427;100852;162.65;60;10217801125;B
20240427;100854;162.65;10;10217801414;B
20240427;100855;162.65;10;10217801457;B
20240427;100857;162.64;10;10217801617;S
20240427;100858;162.64;300;10217801730;S
20240427;100858;162.65;10;10217801743;B
20240427;100900;162.65;20;10217802126;B
20240427;100902;162.65;10;10217802515;B
20240427;100903;162.65;10;10217802593;B
20240427;100907;162.65;100;10217802899;B
20240427;100909;162.65;70;10217803097;B
20240427;100910;162.65;10;10217803254;B
20240427;100912;162.65;10;10217803490;B
20240427;100913;162.65;10;10217803546;B
20240427;100916;162.65;10;10217803859;B
20240427;100918;162.65;10;10217804073;B
20240427;100920;162.64;100;10217804159;S
20240427;100922;162.65;10;10217804498;B
20240427;100924;162.64;20;10217804736;S
20240427;100925;162.64;80;10217804864;S
20240427;100927;162.65;10;10217805146;B
20240427;100927;162.64;40;10217805240;S
20240427;100929;162.65;10;10217805406;B
20240427;100929;162.65;10;10217805419;B
20240427;100933;162.65;10;10217805801;B
20240427;100934;162.65;10;10217805878;B
20240427;100934;162.65;450;10217805948;B
20240427;100935;162.65;2000;10217806093;B
20240427;100935;162.65;10;10217806106;B
20240427;100936;162.65;20;10217806148;B
20240427;100941;162.65;10;10217806696;B
20240427;100941;162.65;10;10217806720;B
20240427;100942;162.65;20;10217806793;B
20240427;100944;162.64;240;10217807009;S
20240427;100944;162.64;100;10217807010;S
20240427;100944;162.64;8000;10217807011;S
20240427;100944;162.64;10;10217807012;S
20240427;100944;162.64;140;10217807013;S
20240427;100944;162.64;2490;10217807014;S
20240427;100951;162.64;480;10217807656;S
20240427;100953;162.64;20;10217807816;S
20240427;100953;162.64;2010;10217807818;S
20240427;100953;162.64;590;10217807819;S
20240427;100953;162.64;20;10217807820;S
20240427;100956;162.63;10;10217808169;S
20240427;100956;162.61;10;10217808170;S
20240427;100958;162.62;700;10217808257;B
20240427;101003;162.62;10;10217809402;B
20240427;101004;162.61;130;10217809463;S
20240427;101006;162.6;10;10217809759;S
20240427;101006;162.61;10;10217809778;B
20240427;101008;162.61;10;10217809867;B
20240427;101010;162.61;150;10217810125;B
20240427;101010;162.61;20;10217810172;B
20240427;101012;162.6;30;10217810454;S
20240427;101012;162.6;20;10217810455;S
20240427;101013;162.61;10;10217810511;B
20240427;101015;162.6;100;10217810743;S
20240427;101015;162.61;10;10217810788;B
20240427;101018;162.61;1500;10217811129;B
20240427;101019;162.6;180;10217811249;S
20240427;101019;162.6;10;10217811250;S
20240427;101019;162.6;80;10217811251;S
20240427;101020;162.6;20;10217811393;S
20240427;101020;162.6;150;10217811394;S
20240427;101020;162.6;10;10217811395;S
20240427;101020;162.6;10;10217811396;S
20240427;101020;162.59;140;10217811397;S
20240427;101023;162.6;100;10217811807;B
20240427;101024;162.59;160;10217811863;S
20240427;101024;162.59;220;10217811864;S
20240427;101024;162.58;220;10217811865;S
20240427;101024;162.58;20;10217811866;S
20240427;101024;162.57;10;10217811867;S
20240427;101024;162.57;250;10217811868;S
20240427;101024;162.57;120;10217811869;S
20240427;101028;162.6;10;10217812270;B
20240427;101029;162.58;60;10217812384;S
20240427;101030;162.58;30;10217812492;S
20240427;101031;162.59;10;10217812526;B
20240427;101032;162.58;50;10217812658;S
20240427;101033;162.58;150;10217812922;S
20240427;101033;162.59;20;10217813019;B
20240427;101038;162.59;10;10217813608;B
20240427;101045;162.59;400;10217814631;B
20240427;101049;162.59;10;10217815045;B
20240427;101051;162.58;30;10217815278;S
20240427;101051;162.58;20;10217815415;S
20240427;101052;162.59;100;10217815509;B
20240427;101055;162.6;10;10217816237;B
20240427;101100;162.59;20;10217816824;S
20240427;101101;162.59;130;10217816942;S
20240427;101101;162.59;1000;10217816943;S
20240427;101107;162.58;40;10217817936;S
20240427;101109;162.59;10;10217818205;B
20240427;101110;162.59;10;10217818293;B
20240427;101111;162.59;10;10217818368;B
20240427;101112;162.59;10;10217818539;B
20240427;101120;162.59;50;10217819574;B
20240427;101120;162.59;750;10217819638;B
20240427;101121;162.59;30;10217819712;B
20240427;101121;162.59;40;10217819713;B
20240427;101126;162.59;10;10217820153;B
20240427;101127;162.59;10;10217820310;B
20240427;101129;162.59;10;10217820528;B
20240427;101129;162.59;10;10217820540;B
20240427;101131;162.59;20;10217820689;B
20240427;101134;162.59;450;10217821058;B
20240427;101137;162.59;20;10217821676;B
20240427;101138;162.59;30;10217821880;B
20240427;101139;162.58;70;10217822039;S
20240427;101141;162.59;10;10217822279;B
20240427;101144;162.58;110;10217822612;S
20240427;101144;162.58;10;10217822613;S
20240427;101144;162.58;230;10217822614;S
20240427;101145;162.59;10;10217822648;B
20240427;101147;162.59;20;10217822875;B
20240427;101147;162.59;10;10217822876;B
20240427;101147;162.58;80;10217822894;S
20240427;101147;162.58;500;10217822895;S
20240427;101147;162.58;1000;10217822896;S
20240427;101147;162.58;10;10217822897;S
20240427;101147;162.58;500;10217822898;S
20240427;101147;162.58;220;10217822899;S
20240427;101150;162.57;100;10217823217;S
20240427;101153;162.57;10;10217823387;B
20240427;101157;162.57;20;10217823767;B
20240427;101210;162.57;30;10217825093;B
20240427;101210;162.57;30;10217825123;B
20240427;101212;162.57;30;10217825367;B
20240427;101213;162.57;20;10217825498;B
20240427;101214;162.57;10;10217825595;B
20240427;101215;162.57;20;10217825669;B
20240427;101216;162.57;210;10217825874;B
20240427;101216;162.57;40;10217825875;B
20240427;101217;162.57;760;10217825965;B
20240427;101217;162.57;150;10217825966;B
20240427;101217;162.57;240;10217825967;B
20240427;101217;162.57;1850;10217825968;B
20240427;101221;162.57;10;10217826343;B
20240427;101221;162.57;10;10217826351;B
20240427;101221;162.56;100;10217826405;S
20240427;101221;162.56;80;10217826406;S
20240427;101221;162.56;10;10217826407;S
20240427;101221;162.56;220;10217826408;S
20240427;101221;162.56;100;10217826409;S
20240427;101221;162.56;40;10217826410;S
20240427;101222;162.56;100;10217826455;S
20240427;101226;162.56;50;10217826863;S
20240427;101227;162.57;10;10217826883;B
20240427;101228;162.57;20;10217827197;B
20240427;101231;162.57;10;10217827559;B
20240427;101232;162.56;60;10217827621;S
20240427;101240;162.57;90;10217828527;B
20240427;101240;162.57;70;10217828528;B
20240427;101240;162.57;10;10217828587;B
20240427;101243;162.57;10;10217829004;B
20240427;101246;162.57;10;10217829244;B
20240427;101246;162.57;10;10217829260;B
20240427;101249;162.56;100;10217829887;S
20240427;101249;162.56;10;10217829900;S
20240427;101254;162.57;100;10217830468;B
20240427;101256;162.57;20;10217830570;B
20240427;101257;162.57;10;10217830692;B
20240427;101303;162.57;200;10217831461;B
20240427;101308;162.56;60;10217831974;S
20240427;101311;162.57;10;10217832269;B
20240427;101312;162.57;80;10217832391;B
20240427;101312;162.56;160;10217832408;S
20240427;101314;162.56;1170;10217832540;B
20240427;101321;162.56;100;10217833111;B
20240427;101321;162.56;20;10217833114;B
20240427;101322;162.56;10;10217833231;B
20240427;101332;162.56;50;10217834058;B
20240427;101335;162.56;200;10217834295;B
20240427;101336;162.55;40;10217834382;S
20240427;101336;162.56;2010;10217834425;B
20240427;101339;162.55;10;10217834678;S
20240427;101339;162.55;20;10217834679;S
20240427;101339;162.56;50;10217834707;B
20240427;101348;162.55;200;10217835625;S
20240427;101348;162.55;1110;10217835626;S
20240427;101348;162.55;1930;10217835627;S
20240427;101348;162.55;200;10217835628;S
20240427;101348;162.55;10;10217835629;S
20240427;101348;162.55;200;10217835630;S
20240427;101351;162.54;50;10217835782;S
20240427;101351;162.54;10;10217835783;S
20240427;101351;162.54;10;10217835784;S
20240427;101351;162.54;220;10217835785;S
20240427;101351;162.54;80;10217835786;S
20240427;101351;162.54;50;10217835787;S
20240427;101351;162.54;60;10217835788;S
20240427;101356;162.55;3000;10217836472;B
20240427;101401;162.55;10;10217837084;B
20240427;101408;162.55;80;10217837649;B
20240427;101410;162.54;60;10217837883;S
20240427;101410;162.54;20;10217837884;S
20240427;101411;162.55;10;10217837972;B
20240427;101414;162.54;10;10217838190;B
20240427;101425;162.54;990;10217839227;B
20240427;101425;162.54;1000;10217839228;B
20240427;101425;162.54;800;10217839229;B
20240427;101425;162.55;510;10217839230;B
20240427;101431;162.54;40;10217839827;B
20240427;101434;162.53;10;10217840125;S
20240427;101434;162.53;60;10217840126;S
20240427;101439;162.54;20;10217840553;B
20240427;101440;162.53;10;10217840610;S
20240427;101441;162.53;120;10217840733;S
20240427;101443;162.54;10;10217840845;B
20240427;101443;162.53;1310;10217840871;S
20240427;101443;162.53;10;10217840872;S
20240427;101443;162.53;270;10217840873;S
20240427;101443;162.53;220;10217840874;S
20240427;101443;162.53;20;10217840875;S
20240427;101451;162.53;100;10217841735;B
20240427;101454;162.53;10;10217841943;B
20240427;101454;162.53;20;10217841995;B
20240427;101455;162.52;10;10217842060;S
20240427;101455;162.52;100;10217842061;S
20240427;101455;162.52;200;10217842062;S
20240427;101455;162.52;160;10217842063;S
20240427;101455;162.52;570;10217842091;S
20240427;101455;162.52;220;10217842092;S
20240427;101455;162.52;50;10217842093;S
20240427;101455;162.52;10;10217842094;S
20240427;101455;162.51;10;10217842095;S
20240427;101455;162.51;200;10217842096;S
20240427;101455;162.51;10;10217842097;S
20240427;101455;162.51;220;10217842098;S
20240427;101455;162.51;260;10217842099;S
20240427;101455;162.51;1110;10217842100;S
20240427;101455;162.51;1930;10217842101;S
20240427;101455;162.5;10;10217842102;S
20240427;101455;162.5;2000;10217842103;S
20240427;101455;162.5;10;10217842104;S
20240427;101455;162.5;100;10217842105;S
20240427;101455;162.5;10;10217842106;S
20240427;101455;162.5;1000;10217842107;S
20240427;101455;162.5;10;10217842108;S
20240427;101455;162.5;20;10217842109;S
20240427;101455;162.5;10;10217842110;S
20240427;101455;162.5;30;10217842111;S
20240427;101455;162.5;20;10217842112;S
20240427;101455;162.5;60;10217842113;S
20240427;101455;162.5;220;10217842114;S
20240427;101455;162.5;10;10217842115;S
20240427;101455;162.5;10;10217842116;S
20240427;101455;162.5;50;10217842117;S
20240427;101455;162.5;10;10217842118;S
20240427;101455;162.5;10;10217842119;S
20240427;101455;162.5;30;10217842120;S
20240427;101455;162.5;30;10217842121;S
20240427;101455;162.5;10;10217842122;S
20240427;101455;162.5;20;10217842123;S
20240427;101455;162.5;100;10217842124;S
20240427;101455;162.5;50;10217842125;S
20240427;101455;162.5;10;10217842126;S
20240427;101455;162.49;2250;10217842127;S
20240427;101455;162.49;220;10217842128;S
20240427;101455;162.49;200;10217842129;S
20240427;101455;162.49;1000;10217842130;S
20240427;101455;162.49;610;10217842131;S
20240427;101455;162.49;300;10217842132;S
20240427;101455;162.48;30;10217842133;S
20240427;101455;162.48;1000;10217842134;S
20240427;101455;162.48;220;10217842135;S
20240427;101455;162.48;50;10217842136;S
20240427;101455;162.48;20;10217842137;S
20240427;101455;162.48;60;10217842138;S
20240427;101455;162.47;500;10217842139;S
20240427;101455;162.47;30;10217842140;S
20240427;101455;162.47;10;10217842141;S
20240427;101455;162.47;1000;10217842142;S
20240427;101455;162.47;220;10217842143;S
20240427;101455;162.47;5000;10217842144;S
20240427;101455;162.46;30;10217842145;S
20240427;101455;162.46;10;10217842146;S
20240427;101455;162.46;10;10217842147;S
20240427;101455;162.46;10;10217842148;S
20240427;101455;162.46;530;10217842149;S
20240427;101455;162.46;10;10217842150;S
20240427;101455;162.46;50;10217842151;S
20240427;101455;162.46;10;10217842152;S
20240427;101455;162.46;10;10217842153;S
20240427;101455;162.46;10;10217842154;S
20240427;101455;162.46;20;10217842155;S
20240427;101455;162.46;40;10217842156;S
20240427;101455;162.46;10;10217842157;S
20240427;101455;162.46;100;10217842158;S
20240427;101455;162.46;10;10217842159;S
20240427;101455;162.46;10;10217842160;S
20240427;101455;162.46;20;10217842161;S
20240427;101455;162.46;10;10217842162;S
20240427;101455;162.46;10;10217842163;S
20240427;101455;162.46;10;10217842164;S
20240427;101455;162.46;10;10217842165;S
20240427;101455;162.46;10;10217842166;S
20240427;101455;162.46;240;10217842167;S
20240427;101455;162.46;10;10217842168;S
20240427;101455;162.46;10;10217842169;S
20240427;101455;162.46;10;10217842170;S
20240427;101455;162.46;20;10217842171;S
20240427;101455;162.46;70;10217842172;S
20240427;101455;162.46;50;10217842173;S
20240427;101455;162.46;10;10217842174;S
20240427;101455;162.46;20;10217842175;S
20240427;101455;162.46;10;10217842176;S
20240427;101455;162.46;10;10217842177;S
20240427;101455;162.46;10;10217842178;S
20240427;101455;162.46;10;10217842179;S
20240427;101455;162.46;140;10217842180;S
20240427;101455;162.46;1000;10217842181;S
20240427;101455;162.46;6290;10217842182;S
20240427;101455;162.47;2000;10217842184;S
20240427;101455;162.48;10;10217842185;S
20240427;101456;162.48;20;10217842208;B
20240427;101456;162.47;220;10217842216;S
20240427;101456;162.46;680;10217842217;S
20240427;101456;162.47;150;10217842229;S
20240427;101456;162.47;70;10217842252;S
20240427;101456;162.46;1430;10217842253;S
20240427;101456;162.47;100;10217842275;S
20240427;101500;162.48;20;10217842530;B
20240427;101506;162.48;200;10217844104;B
20240427;101507;162.47;120;10217844303;S
20240427;101507;162.47;100;10217844397;B
20240427;101507;162.47;10;10217844399;B
20240427;101508;162.47;30;10217844484;B
20240427;101508;162.46;1170;10217844547;S
20240427;101508;162.47;200;10217844549;B
20240427;101508;162.47;220;10217844622;S
20240427;101508;162.46;430;10217844623;S
20240427;101508;162.46;10;10217844624;S
20240427;101508;162.46;60;10217844625;S
20240427;101508;162.46;280;10217844626;S
20240427;101510;162.47;160;10217844970;S
20240427;101511;162.48;10;10217845190;B
20240427;101513;162.48;10;10217845420;B
20240427;101515;162.48;10;10217846278;B
20240427;101516;162.47;30;10217846363;S
20240427;101516;162.48;100;10217846420;B
20240427;101517;162.48;10;10217846648;B
20240427;101518;162.47;10;10217846749;S
20240427;101518;162.47;20;10217846895;S
20240427;101518;162.46;50;10217846896;S
20240427;101518;162.46;10;10217846897;S
20240427;101518;162.46;100;10217846898;S
20240427;101518;162.46;10;10217846899;S
20240427;101518;162.46;10;10217846900;S
20240427;101518;162.46;220;10217846901;S
20240427;101518;162.46;20;10217846902;S
20240427;101518;162.46;50;10217846903;S
20240427;101518;162.45;10;10217846904;S
20240427;101518;162.45;220;10217846905;S
20240427;101518;162.45;280;10217846906;S
20240427;101522;162.48;420;10217847711;B
20240427;101522;162.48;960;10217847712;B
20240427;101522;162.48;240;10217847713;B
20240427;101523;162.49;220;10217848110;S
20240427;101523;162.49;180;10217848111;S
20240427;101528;162.52;10;10217849253;B
20240427;101530;162.52;10;10217849495;B
20240427;101531;162.49;10;10217849781;S
20240427;101531;162.49;10;10217849827;S
20240427;101532;162.52;10;10217850063;B
20240427;101540;162.49;30;10217851746;S
20240427;101542;162.52;20;10217852017;B
20240427;101550;162.5;10;10217853557;S
20240427;101550;162.5;10;10217853558;S
20240427;101550;162.5;430;10217853559;S
20240427;101551;162.5;10;10217853672;S
20240427;101551;162.5;60;10217853689;S
20240427;101551;162.49;190;10217853690;S
20240427;101551;162.49;50;10217853691;S
20240427;101551;162.49;10;10217853692;S
20240427;101551;162.49;10;10217853693;S
20240427;101551;162.49;40;10217853752;B
20240427;101552;162.48;700;10217853873;S
20240427;101553;162.49;80;10217853955;B
20240427;101600;162.49;50;10217855040;B
20240427;101600;162.49;70;10217855041;B
20240427;101601;162.49;10;10217855060;B
20240427;101601;162.49;10;10217855100;B
20240427;101605;162.49;10;10217855598;B
20240427;101607;162.49;1500;10217855932;B
20240427;101607;162.49;380;10217855933;B
20240427;101607;162.49;10;10217855965;B
20240427;101607;162.49;90;10217856027;B
20240427;101607;162.51;800;10217856028;B
20240427;101607;162.52;140;10217856029;B
20240427;101607;162.53;770;10217856030;B
20240427;101607;162.52;300;10217856050;S
20240427;101607;162.52;70;10217856051;S
20240427;101607;162.53;440;10217856092;B
20240427;101607;162.54;1000;10217856093;B
20240427;101607;162.54;280;10217856094;B
20240427;101608;162.54;540;10217856133;B
20240427;101608;162.54;1110;10217856134;B
20240427;101608;162.54;390;10217856157;B
20240427;101608;162.55;1080;10217856158;B
20240427;101608;162.55;110;10217856159;B
20240427;101608;162.55;1510;10217856192;B
20240427;101612;162.55;300;10217856816;B
20240427;101612;162.54;60;10217856832;S
20240427;101612;162.55;10;10217856855;B
20240427;101618;162.54;70;10217857666;S
20240427;101620;162.54;500;10217858132;S
20240427;101635;162.55;10;10217860623;B
20240427;101636;162.54;10;10217860835;S
20240427;101637;162.54;990;10217860954;S
20240427;101639;162.54;10;10217861260;B
20240427;101639;162.54;20;10217861261;B
20240427;101640;162.54;30;10217861356;B
20240427;101641;162.54;750;10217861595;B
20240427;101650;162.55;10;10217862756;B
20240427;101654;162.55;60;10217863361;B
20240427;101655;162.55;990;10217863491;B
20240427;101701;162.55;10;10217864453;B
20240427;101702;162.55;10;10217864669;B
20240427;101709;162.54;80;10217865638;S
20240427;101709;162.55;50;10217865706;B
20240427;101711;162.55;10;10217865934;B
20240427;101711;162.55;10;10217865947;B
20240427;101715;162.55;20;10217866440;B
20240427;101719;162.55;20;10217866792;B
20240427;101722;162.55;20;10217867109;B
20240427;101727;162.55;50;10217867652;B
20240427;101744;162.55;50;10217870124;B
20240427;101748;162.55;10;10217870509;B
20240427;101749;162.55;320;10217870577;B
20240427;101750;162.55;10;10217870699;B
20240427;101750;162.54;480;10217870738;S
20240427;101758;162.55;2880;10217871472;B
20240427;101759;162.55;10;10217871575;B
20240427;101801;162.54;690;10217872115;S
20240427;101801;162.54;10;10217872116;S
20240427;101801;162.54;10;10217872117;S
20240427;101801;162.54;20;10217872118;S
20240427;101801;162.54;100;10217872119;S
20240427;101801;162.53;1110;10217872120;S
20240427;101801;162.53;300;10217872121;S
20240427;101801;162.52;50;10217872122;S
20240427;101801;162.52;1000;10217872123;S
20240427;101801;162.52;100;10217872124;S
20240427;101801;162.52;10;10217872125;S
20240427;101801;162.52;20;10217872126;S
20240427;101801;162.52;220;10217872127;S
20240427;101801;162.51;220;10217872128;S
20240427;101801;162.51;1540;10217872129;S
20240427;101801;162.51;20;10217872130;S
20240427;101801;162.51;1000;10217872131;S
20240427;101801;162.5;220;10217872132;S
20240427;101801;162.5;1440;10217872133;S
20240427;101801;162.5;100;10217872134;S
20240427;101801;162.5;810;10217872135;S
20240427;101802;162.51;1000;10217872255;S
20240427;101802;162.51;220;10217872256;S
20240427;101802;162.5;20;10217872257;S
20240427;101802;162.5;100;10217872258;S
20240427;101813;162.54;10;10217873507;B
20240427;101820;162.54;10;10217874180;B
20240427;101824;162.53;80;10217874548;S
20240427;101824;162.54;10;10217874553;B
20240427;101825;162.53;30;10217874692;S
20240427;101828;162.54;30;10217875082;B
20240427;101829;162.54;10;10217875275;B
20240427;101839;162.54;750;10217876360;B
20240427;101839;162.54;10;10217876361;B
20240427;101839;162.54;200;10217876362;B
20240427;101839;162.55;3020;10217876363;B
20240427;101839;162.55;350;10217876364;B
20240427;101839;162.55;1110;10217876365;B
20240427;101839;162.55;300;10217876366;B
20240427;101839;162.56;10;10217876367;B
20240427;101839;162.56;800;10217876368;B
20240427;101839;162.58;1190;10217876369;B
20240427;101839;162.58;800;10217876370;B
20240427;101839;162.58;1460;10217876371;B
20240427;101840;162.59;10;10217876375;B
20240427;101840;162.6;10;10217876376;B
20240427;101840;162.6;10;10217876377;B
20240427;101855;162.61;10;10217877914;B
20240427;101859;162.6;20;10217878284;S
20240427;101902;162.6;30;10217878592;S
20240427;101903;162.6;340;10217878643;S
20240427;101903;162.6;500;10217878644;S
20240427;101904;162.61;740;10217878706;B
20240427;101905;162.6;100;10217878794;S
20240427;101912;162.6;270;10217879281;S
20240427;101915;162.61;10;10217879642;B
20240427;101918;162.61;10;10217880176;B
20240427;101921;162.61;50;10217880433;B
20240427;101921;162.61;1000;10217880434;B
20240427;101921;162.62;10;10217880435;B
20240427;101921;162.64;300;10217880436;B
20240427;101921;162.64;2790;10217880437;B
20240427;101922;162.63;10;10217880526;S
20240427;101923;162.64;10;10217880637;B
20240427;101925;162.64;50;10217880757;B
20240427;101927;162.64;10;10217880901;B
20240427;101931;162.65;600;10217881217;B
20240427;101931;162.63;400;10217881218;S
20240427;101931;162.62;10;10217881219;S
20240427;101931;162.62;20;10217881231;B
20240427;101936;162.62;370;10217881729;B
20240427;101936;162.62;1000;10217881730;B
20240427;101936;162.62;130;10217881731;B
20240427;101938;162.62;50;10217881847;B
20240427;101938;162.61;20;10217881893;S
20240427;101938;162.6;3940;10217881894;S
20240427;101939;162.61;120;10217881934;B
20240427;101941;162.6;60;10217882150;S
20240427;101942;162.61;80;10217882214;B
20240427;101946;162.61;20;10217882562;B
20240427;101951;162.6;480;10217883372;S
20240427;101952;162.61;100;10217883455;B
20240427;101956;162.6;30;10217883715;S
20240427;102001;162.61;10;10217884211;B
20240427;102002;162.61;20;10217884346;B
20240427;102006;162.61;430;10217884608;B
20240427;102014;162.61;10;10217885194;B
20240427;102018;162.61;450;10217885391;B
20240427;102020;162.61;450;10217885524;B
20240427;102020;162.61;50;10217885565;B
20240427;102021;162.61;20;10217885594;B
20240427;102024;162.6;200;10217885888;S
20240427;102024;162.61;20;10217885895;B
20240427;102024;162.61;330;10217885896;B
20240427;102026;162.6;600;10217886067;S
20240427;102026;162.6;400;10217886070;S
20240427;102026;162.6;1000;10217886071;S
20240427;102027;162.6;100;10217886080;S
20240427;102027;162.6;100;10217886082;S
20240427;102027;162.6;400;10217886111;S
20240427;102028;162.6;1820;10217886196;S
20240427;102028;162.6;300;10217886197;S
20240427;102028;162.6;900;10217886198;S
20240427;102028;162.6;50;10217886199;S
20240427;102028;162.6;20;10217886200;S
20240427;102028;162.6;100;10217886201;S
20240427;102028;162.6;20;10217886202;S
20240427;102028;162.6;10;10217886203;S
20240427;102028;162.6;10;10217886204;S
20240427;102028;162.6;30;10217886205;S
20240427;102030;162.56;20;10217886312;S
20240427;102031;162.57;10;10217886387;B
20240427;102032;162.57;40;10217886455;B
20240427;102032;162.56;80;10217886532;S
20240427;102032;162.55;120;10217886533;S
20240427;102034;162.55;380;10217886698;S
20240427;102037;162.55;210;10217886939;B
20240427;102037;162.55;80;10217886968;B
20240427;102039;162.55;10;10217887114;B
20240427;102040;162.55;10;10217887161;B
20240427;102040;162.55;10;10217887162;B
20240427;102041;162.54;30;10217887261;S
20240427;102041;162.54;10;10217887262;S
20240427;102043;162.52;20;10217887381;S
20240427;102043;162.51;20;10217887382;S
20240427;102043;162.51;610;10217887383;S
20240427;102043;162.5;10;10217887384;S
20240427;102043;162.5;20;10217887385;S
20240427;102043;162.5;100;10217887386;S
20240427;102043;162.5;100;10217887387;S
20240427;102043;162.5;20;10217887388;S
20240427;102043;162.5;1380;10217887389;S
20240427;102043;162.5;250;10217887390;S
20240427;102043;162.5;7000;10217887391;S
20240427;102043;162.49;110;10217887392;S
20240427;102043;162.49;20;10217887393;S
20240427;102043;162.48;10;10217887394;S
20240427;102043;162.48;120;10217887395;S
20240427;102043;162.48;100;10217887396;S
20240427;102043;162.48;20;10217887397;S
20240427;102043;162.48;20;10217887398;S
20240427;102043;162.48;60;10217887399;S
20240427;102043;162.47;10;10217887400;S
20240427;102043;162.47;250;10217887401;S
20240427;102043;162.47;130;10217887402;S
20240427;102043;162.47;8000;10217887403;S
20240427;102043;162.46;50;10217887404;S
20240427;102043;162.46;140;10217887405;S
20240427;102043;162.46;300;10217887406;S
20240427;102043;162.45;1720;10217887407;S
20240427;102043;162.45;150;10217887408;S
20240427;102043;162.45;150;10217887409;S
20240427;102043;162.45;220;10217887410;S
20240427;102043;162.45;20;10217887411;S
20240427;102043;162.45;610;10217887412;S
20240427;102043;162.44;1000;10217887413;S
20240427;102043;162.44;50;10217887414;S
20240427;102043;162.44;160;10217887415;S
20240427;102043;162.44;220;10217887416;S
20240427;102043;162.44;5000;10217887417;S
20240427;102043;162.43;60;10217887418;S
20240427;102043;162.43;30;10217887419;S
20240427;102043;162.43;200;10217887420;S
20240427;102043;162.43;170;10217887421;S
20240427;102043;162.43;10;10217887422;S
20240427;102043;162.43;1000;10217887423;S
20240427;102043;162.43;220;10217887424;S
20240427;102043;162.43;500;10217887425;S
20240427;102043;162.43;3700;10217887426;S
20240427;102043;162.43;50;10217887427;S
20240427;102043;162.42;100;10217887428;S
20240427;102043;162.42;50;10217887429;S
20240427;102043;162.42;10;10217887430;S
20240427;102043;162.42;30;10217887431;S
20240427;102043;162.42;200;10217887432;S
20240427;102043;162.42;170;10217887433;S
20240427;102043;162.42;180;10217887434;S
20240427;102043;162.42;1000;10217887435;S
20240427;102043;162.42;220;10217887436;S
20240427;102043;162.41;600;10217887437;S
20240427;102043;162.41;50;10217887438;S
20240427;102043;162.41;10;10217887439;S
20240427;102043;162.41;190;10217887440;S
20240427;102043;162.41;1000;10217887441;S
20240427;102043;162.41;220;10217887442;S
20240427;102043;162.41;3700;10217887443;S
20240427;102043;162.4;30;10217887444;S
20240427;102043;162.4;50;10217887445;S
20240427;102043;162.4;30;10217887446;S
20240427;102043;162.4;19580;10217887447;S
20240427;102043;162.44;100;10217887449;S
20240427;102043;162.41;20;10217887450;B
20240427;102043;162.4;140;10217887525;S
20240427;102046;162.41;10;10217887745;B
20240427;102047;162.41;40;10217887786;B
20240427;102049;162.41;10;10217888007;B
20240427;102050;162.4;10;10217888055;S
20240427;102052;162.41;10;10217888172;B
20240427;102054;162.41;10;10217888401;B
20240427;102058;162.41;10;10217888731;B
20240427;102101;162.41;640;10217888949;B
20240427;102101;162.41;200;10217888950;B
20240427;102101;162.43;800;10217888999;S
20240427;102101;162.42;200;10217889000;S
20240427;102103;162.43;10;10217889131;S
20240427;102107;162.46;20;10217889474;B
20240427;102116;162.5;110;10217890155;B
20240427;102116;162.5;10;10217890206;B
20240427;102119;162.51;10;10217890697;B
20240427;102128;162.49;10;10217892128;B
20240427;102132;162.49;10;10217893053;B
20240427;102132;162.49;280;10217893056;B
20240427;102132;162.5;220;10217893057;B
20240427;102135;162.47;570;10217893491;S
20240427;102140;162.5;10;10217893877;B
20240427;102142;162.48;10;10217893998;B
20240427;102145;162.48;10;10217894172;B
20240427;102147;162.48;10;10217894297;B
20240427;102150;162.48;30;10217894494;B
20240427;102150;162.46;490;10217894504;S
20240427;102156;162.47;10;10217895063;B
20240427;102156;162.47;20;10217895075;B
20240427;102201;162.47;10;10217895577;B
20240427;102207;162.47;10;10217895902;B
20240427;102209;162.47;40;10217896067;B
20240427;102210;162.47;1000;10217896076;B
20240427;102212;162.47;60;10217896302;B
20240427;102215;162.47;10;10217896513;B
20240427;102217;162.46;510;10217896655;S
20240427;102217;162.46;50;10217896656;S
20240427;102217;162.46;10;10217896657;S
20240427;102217;162.45;10;10217896658;S
20240427;102217;162.45;500;10217896659;S
20240427;102217;162.45;1000;10217896660;S
20240427;102217;162.45;2000;10217896661;S
20240427;102217;162.43;300;10217896662;S
20240427;102217;162.42;100;10217896663;S
20240427;102217;162.42;50;10217896664;S
20240427;102217;162.42;80;10217896665;S
20240427;102217;162.42;10;10217896666;S
20240427;102217;162.41;90;10217896667;S
20240427;102217;162.41;50;10217896668;S
20240427;102217;162.41;5000;10217896669;S
20240427;102217;162.41;40;10217896670;S
20240427;102217;162.4;810;10217896671;S
20240427;102217;162.4;10;10217896672;S
20240427;102217;162.4;10;10217896673;S
20240427;102217;162.4;30;10217896674;S
20240427;102217;162.4;10;10217896675;S
20240427;102217;162.4;10;10217896676;S
20240427;102217;162.4;300;10217896677;S
20240427;102217;162.4;20;10217896678;S
20240427;102217;162.4;10;10217896679;S
20240427;102217;162.4;1000;10217896680;S
20240427;102217;162.4;10;10217896681;S
20240427;102217;162.4;30;10217896682;S
20240427;102217;162.4;600;10217896683;S
20240427;102217;162.4;30;10217896684;S
20240427;102217;162.4;100;10217896685;S
20240427;102217;162.4;50;10217896686;S
20240427;102217;162.4;10;10217896687;S
20240427;102217;162.4;5000;10217896688;S
20240427;102217;162.4;10;10217896689;S
20240427;102217;162.4;30;10217896690;S
20240427;102217;162.4;10;10217896691;S
20240427;102217;162.4;50;10217896692;S
20240427;102217;162.4;10;10217896693;S
20240427;102217;162.4;500;10217896694;S
20240427;102217;162.4;10;10217896695;S
20240427;102217;162.4;120;10217896696;S
20240427;102217;162.4;100;10217896697;S
20240427;102217;162.39;1000;10217896698;S
20240427;102217;162.39;220;10217896699;S
20240427;102217;162.39;110;10217896700;S
20240427;102217;162.39;8000;10217896701;S
20240427;102217;162.39;610;10217896702;S
20240427;102217;162.38;50;10217896703;S
20240427;102217;162.38;50;10217896704;S
20240427;102217;162.38;10;10217896705;S
20240427;102217;162.38;220;10217896706;S
20240427;102217;162.38;1000;10217896707;S
20240427;102217;162.38;120;10217896708;S
20240427;102217;162.37;10;10217896709;S
20240427;102217;162.37;220;10217896710;S
20240427;102217;162.37;50;10217896711;S
20240427;102217;162.37;430;10217896712;S
20240427;102217;162.37;130;10217896726;S
20240427;102217;162.37;870;10217896727;S
20240427;102217;162.36;50;10217896728;S
20240427;102217;162.36;30;10217896729;S
20240427;102217;162.36;220;10217896730;S
20240427;102217;162.36;140;10217896731;S
20240427;102217;162.36;20;10217896732;S
20240427;102217;162.35;50;10217896733;S
20240427;102217;162.35;170;10217896734;S
20240427;102217;162.35;30;10217896735;S
20240427;102217;162.35;40;10217896736;S
20240427;102217;162.35;100;10217896737;S
20240427;102217;162.35;150;10217896738;S
20240427;102217;162.36;1000;10217896739;B
20240427;102217;162.36;100;10217896740;B
20240427;102217;162.36;10;10217896741;B
20240427;102218;162.39;20;10217896782;S
20240427;102218;162.41;1110;10217896828;B
20240427;102218;162.41;390;10217896829;B
20240427;102219;162.42;10;10217896917;B
20240427;102220;162.41;50;10217896953;S
20240427;102224;162.42;60;10217897365;B
20240427;102225;162.42;10;10217897460;B
20240427;102227;162.42;450;10217897799;B
20240427;102228;162.41;130;10217897828;S
20240427;102228;162.41;10;10217897829;S
20240427;102229;162.38;800;10217897939;S
20240427;102229;162.38;1000;10217897940;S
20240427;102229;162.38;300;10217897941;S
20240427;102229;162.36;90;10217897942;S
20240427;102229;162.36;100;10217897943;S
20240427;102229;162.36;100;10217897944;S
20240427;102229;162.36;220;10217897945;S
20240427;102229;162.36;1110;10217897946;S
20240427;102229;162.35;150;10217897947;S
20240427;102229;162.35;220;10217897948;S
20240427;102229;162.35;610;10217897949;S
20240427;102229;162.35;5000;10217897950;S
20240427;102229;162.34;10;10217897951;S
20240427;102229;162.34;220;10217897952;S
20240427;102229;162.34;160;10217897953;S
20240427;102229;162.34;2000;10217897954;S
20240427;102229;162.34;50;10217897955;S
20240427;102229;162.33;10;10217897956;S
20240427;102229;162.33;220;10217897957;S
20240427;102229;162.33;40;10217897958;S
20240427;102229;162.33;170;10217897959;S
20240427;102229;162.33;1000;10217897960;S
20240427;102229;162.32;220;10217897961;S
20240427;102229;162.32;100;10217897962;S
20240427;102229;162.32;8000;10217897963;S
20240427;102229;162.32;1000;10217897964;S
20240427;102229;162.32;1930;10217897965;S
20240427;102229;162.32;180;10217897966;S
20240427;102229;162.31;1000;10217897967;S
20240427;102229;162.31;4780;10217897968;S
20240427;102229;162.34;800;10217898001;S
20240427;102229;162.34;1000;10217898002;S
20240427;102229;162.33;200;10217898003;S
20240427;102229;162.33;100;10217898009;S
20240427;102232;162.39;10;10217898250;B
20240427;102236;162.33;120;10217898798;S
20240427;102236;162.33;480;10217898799;S
20240427;102238;162.34;1000;10217898985;S
20240427;102238;162.33;1800;10217898986;S
20240427;102241;162.35;30;10217899241;B
20240427;102246;162.36;1110;10217899642;B
20240427;102246;162.37;800;10217899643;B
20240427;102246;162.37;1180;10217899644;B
20240427;102248;162.4;10;10217900063;B
20240427;102249;162.37;10;10217900071;S
20240427;102257;162.39;100;10217900775;S
20240427;102257;162.37;1900;10217900776;S
20240427;102257;162.35;300;10217900777;S
20240427;102257;162.34;50;10217900778;S
20240427;102257;162.34;1000;10217900779;S
20240427;102257;162.34;220;10217900780;S
20240427;102257;162.34;5000;10217900781;S
20240427;102257;162.33;20;10217900782;S
20240427;102257;162.33;1000;10217900783;S
20240427;102257;162.33;220;10217900784;S
20240427;102257;162.33;500;10217900785;S
20240427;102257;162.32;1000;10217900786;S
20240427;102257;162.32;220;10217900787;S
20240427;102257;162.32;10;10217900788;S
20240427;102257;162.32;2000;10217900789;S
20240427;102257;162.32;1000;10217900790;S
20240427;102257;162.31;10;10217900791;S
20240427;102257;162.31;500;10217900792;S
20240427;102257;162.31;220;10217900793;S
20240427;102257;162.31;190;10217900794;S
20240427;102257;162.31;610;10217900795;S
20240427;102257;162.31;1000;10217900796;S
20240427;102257;162.3;10;10217900797;S
20240427;102257;162.3;100;10217900798;S
20240427;102257;162.3;10;10217900799;S
20240427;102257;162.3;10;10217900800;S
20240427;102257;162.3;10;10217900801;S
20240427;102257;162.3;1000;10217900802;S
20240427;102257;162.3;120;10217900803;S
20240427;102257;162.3;70;10217900804;S
20240427;102257;162.3;30;10217900805;S
20240427;102257;162.3;70;10217900806;S
20240427;102257;162.3;100;10217900807;S
20240427;102257;162.3;220;10217900808;S
20240427;102257;162.3;200;10217900809;S
20240427;102257;162.3;1000;10217900810;S
20240427;102257;162.3;1930;10217900811;S
20240427;102257;162.3;40;10217900812;S
20240427;102257;162.29;10;10217900813;S
20240427;102257;162.29;10;10217900814;S
20240427;102257;162.29;1000;10217900815;S
20240427;102257;162.29;220;10217900816;S
20240427;102257;162.29;210;10217900817;S
20240427;102257;162.29;2500;10217900818;S
20240427;102257;162.28;20;10217900819;S
20240427;102257;162.28;10;10217900820;S
20240427;102257;162.28;10;10217900821;S
20240427;102257;162.28;1000;10217900822;S
20240427;102257;162.28;220;10217900823;S
20240427;102257;162.28;300;10217900824;S
20240427;102257;162.28;3300;10217900825;S
20240427;102257;162.35;910;10217900827;B
20240427;102257;162.35;90;10217900831;S
20240427;102257;162.35;160;10217900832;S
20240427;102258;162.38;10;10217900893;B
20240427;102300;162.35;80;10217901324;S
20240427;102300;162.35;760;10217901379;S
20240427;102300;162.35;520;10217901380;S
20240427;102300;162.37;120;10217901430;B
20240427;102303;162.38;200;10217901829;B
20240427;102305;162.38;10;10217902005;B
20240427;102307;162.38;80;10217902180;B
20240427;102307;162.35;480;10217902234;S
20240427;102307;162.35;1000;10217902235;S
20240427;102307;162.33;100;10217902236;S
20240427;102307;162.32;50;10217902237;S
20240427;102307;162.32;1160;10217902238;S
20240427;102307;162.31;2000;10217902239;S
20240427;102307;162.3;220;10217902240;S
20240427;102307;162.3;1000;10217902241;S
20240427;102307;162.3;100;10217902242;S
20240427;102307;162.3;1000;10217902243;S
20240427;102307;162.29;220;10217902244;S
20240427;102307;162.29;610;10217902245;S
20240427;102307;162.29;1000;10217902246;S
20240427;102307;162.29;500;10217902247;S
20240427;102307;162.28;20;10217902248;S
20240427;102307;162.28;1000;10217902249;S
20240427;102307;162.28;220;10217902250;S
20240427;102307;162.27;10;10217902251;S
20240427;102307;162.27;50;10217902252;S
20240427;102307;162.27;10;10217902253;S
20240427;102307;162.27;10;10217902254;S
20240427;102307;162.27;1000;10217902255;S
20240427;102307;162.27;220;10217902256;S
20240427;102307;162.27;20;10217902257;S
20240427;102307;162.27;8000;10217902258;S
20240427;102307;162.27;3220;10217902259;S
20240427;102307;162.26;1000;10217902260;S
20240427;102307;162.26;220;10217902261;S
20240427;102307;162.26;20;10217902262;S
20240427;102307;162.25;10;10217902263;S
20240427;102307;162.25;10;10217902264;S
20240427;102307;162.25;200;10217902265;S
20240427;102307;162.25;10;10217902266;S
20240427;102307;162.25;20;10217902267;S
20240427;102307;162.25;1000;10217902268;S
20240427;102307;162.25;220;10217902269;S
20240427;102307;162.25;20;10217902270;S
20240427;102307;162.25;1940;10217902271;S
20240427;102307;162.25;470;10217902272;S
20240427;102307;162.24;2440;10217902273;S
20240427;102307;162.35;300;10217902274;B
20240427;102307;162.34;300;10217902275;B
20240427;102307;162.34;300;10217902276;B
20240427;102307;162.35;1400;10217902277;B
20240427;102310;162.39;40;10217902474;B
20240427;102314;162.37;30;10217902830;S
20240427;102318;162.39;1900;10217903159;B
20240427;102318;162.39;10;10217903160;B
20240427;102318;162.4;90;10217903161;B
20240427;102319;162.4;170;10217903182;B
20240427;102322;162.4;50;10217903408;B
20240427;102324;162.38;30;10217903573;S
20240427;102328;162.4;200;10217904128;B
20240427;102330;162.42;10;10217904526;B
20240427;102331;162.42;10;10217904600;B
20240427;102336;162.42;10;10217904998;B
20240427;102336;162.44;90;10217904999;B
20240427;102336;162.46;300;10217905004;B
20240427;102336;162.46;500;10217905005;B
20240427;102336;162.46;900;10217905006;B
20240427;102336;162.46;1030;10217905007;B
20240427;102336;162.46;300;10217905008;S
20240427;102336;162.46;370;10217905053;S
20240427;102336;162.46;1700;10217905054;S
20240427;102336;162.46;1700;10217905055;S
20240427;102336;162.46;1700;10217905056;S
20240427;102336;162.46;1700;10217905057;S
20240427;102336;162.46;1700;10217905058;S
20240427;102336;162.46;1700;10217905059;S
20240427;102336;162.46;1700;10217905060;S
20240427;102336;162.46;1700;10217905061;S
20240427;102336;162.46;1700;10217905062;S
20240427;102336;162.46;1700;10217905063;S
20240427;102336;162.46;1700;10217905064;S
20240427;102336;162.46;1700;10217905065;S
20240427;102336;162.46;1700;10217905066;S
20240427;102336;162.46;1700;10217905067;S
20240427;102336;162.46;1700;10217905068;S
20240427;102336;162.46;1700;10217905069;S
20240427;102336;162.46;1100;10217905070;S
20240427;102336;162.46;200;10217905071;S
20240427;102336;162.46;1110;10217905072;S
20240427;102336;162.45;200;10217905073;S
20240427;102336;162.45;300;10217905074;S
20240427;102336;162.41;610;10217905075;S
20240427;102336;162.4;800;10217905076;S
20240427;102336;162.39;330;10217905077;S
20240427;102336;162.39;1000;10217905078;S
20240427;102336;162.38;470;10217905079;S
20240427;102336;162.38;20;10217905080;S
20240427;102336;162.38;1000;10217905081;S
20240427;102336;162.38;800;10217905082;S
20240427;102336;162.38;5000;10217905083;S
20240427;102336;162.37;970;10217905084;S
20240427;102336;162.37;20;10217905085;S
20240427;102336;162.37;10;10217905086;S
20240427;102336;162.37;1000;10217905087;S
20240427;102336;162.37;1280;10217905088;S
20240427;102336;162.36;20;10217905089;S
20240427;102336;162.36;1000;10217905090;S
20240427;102336;162.35;20;10217905091;S
20240427;102336;162.35;20;10217905092;S
20240427;102336;162.35;1000;10217905093;S
20240427;102336;162.34;1000;10217905094;S
20240427;102336;162.34;1540;10217905095;S
20240427;102336;162.34;20;10217905096;S
20240427;102336;162.33;1000;10217905097;S
20240427;102336;162.33;650;10217905098;S
20240427;102337;162.38;20;10217905212;S
20240427;102339;162.33;10;10217905491;S
20240427;102340;162.38;5000;10217905630;B
20240427;102341;162.39;20;10217905664;B
20240427;102343;162.38;610;10217905789;B
20240427;102343;162.39;300;10217905790;B
20240427;102343;162.39;1290;10217905791;B
20240427;102344;162.35;10;10217905885;S
20240427;102344;162.39;150;10217905928;B
20240427;102346;162.39;10;10217906077;B
20240427;102355;162.4;480;10217906626;B
20240427;102356;162.41;100;10217906722;S
20240427;102359;162.45;10;10217906887;B
20240427;102403;162.41;130;10217907200;S
20240427;102404;162.41;830;10217907273;S
20240427;102408;162.41;10;10217907516;S
20240427;102411;162.41;500;10217907739;S
20240427;102417;162.41;10;10217908367;B
20240427;102419;162.41;130;10217908538;B
20240427;102424;162.4;1000;10217908978;S
20240427;102424;162.41;860;10217909007;B
20240427;102424;162.45;1000;10217909008;B
20240427;102424;162.45;300;10217909009;B
20240427;102424;162.46;1000;10217909010;B
20240427;102424;162.46;20;10217909011;B
20240427;102424;162.46;1820;10217909012;B
20240427;102427;162.42;500;10217909188;S
20240427;102428;162.46;10;10217909522;B
20240427;102429;162.44;70;10217909747;S
20240427;102429;162.42;800;10217909748;S
20240427;102429;162.41;1130;10217909749;S
20240427;102433;162.46;100;10217910280;B
20240427;102438;162.46;30;10217910693;B
20240427;102439;162.45;30;10217910829;B
20240427;102445;162.43;1110;10217911286;S
20240427;102445;162.42;200;10217911287;S
20240427;102445;162.42;300;10217911288;S
20240427;102445;162.42;1390;10217911289;S
20240427;102450;162.45;10;10217911609;B
20240427;102454;162.45;140;10217911929;B
20240427;102456;162.46;40;10217912053;B
20240427;102456;162.47;10;10217912082;B
20240427;102503;162.48;10;10217912642;B
20240427;102510;162.48;10;10217913203;B
20240427;102511;162.48;100;10217913207;B
20240427;102513;162.48;10;10217913360;B
20240427;102517;162.45;10;10217913647;S
20240427;102523;162.48;50;10217914035;B
20240427;102527;162.48;20;10217914393;B
20240427;102534;162.48;50;10217915170;B
20240427;102541;162.48;20;10217915658;B
20240427;102541;162.47;70;10217915664;S
20240427;102547;162.48;10;10217916039;B
20240427;102548;162.48;50;10217916088;B
20240427;102550;162.48;100;10217916236;B
20240427;102551;162.47;30;10217916270;S
20240427;102551;162.47;100;10217916271;S
20240427;102551;162.47;100;10217916272;S
20240427;102551;162.47;100;10217916273;S
20240427;102551;162.47;100;10217916274;S
20240427;102551;162.47;50;10217916275;S
20240427;102553;162.48;10;10217916455;B
20240427;102553;162.48;30;10217916457;B
20240427;102554;162.48;190;10217916516;B
20240427;102557;162.48;20;10217916670;B
20240427;102557;162.47;50;10217916687;S
20240427;102557;162.47;100;10217916688;S
20240427;102557;162.47;100;10217916689;S
20240427;102557;162.47;100;10217916690;S
20240427;102557;162.47;100;10217916691;S
20240427;102557;162.47;100;10217916692;S
20240427;102557;162.47;100;10217916693;S
20240427;102557;162.47;100;10217916694;S
20240427;102557;162.47;100;10217916695;S
20240427;102557;162.47;20;10217916696;S
20240427;102558;162.45;30;10217916722;S
20240427;102558;162.47;2130;10217916747;B
20240427;102558;162.47;800;10217916748;B
20240427;102558;162.48;190;10217916749;B
20240427;102558;162.48;10;10217916750;B
20240427;102558;162.48;10;10217916751;B
20240427;102558;162.48;1000;10217916752;B
20240427;102559;162.49;10;10217916850;B
20240427;102600;162.48;150;10217916915;S
20240427;102606;162.49;10;10217917360;B
20240427;102613;162.48;10;10217918048;S
20240427;102613;162.48;10;10217918049;S
20240427;102614;162.48;50;10217918080;S
20240427;102614;162.48;10;10217918081;S
20240427;102614;162.48;1000;10217918082;S
20240427;102615;162.48;30;10217918297;B
20240427;102617;162.48;60;10217918580;B
20240427;102620;162.48;150;10217918762;B
20240427;102627;162.48;1000;10217919214;B
20240427;102627;162.48;50;10217919267;B
20240427;102628;162.48;10;10217919309;B
20240427;102635;162.48;80;10217919895;B
20240427;102635;162.48;10;10217919909;B
20240427;102638;162.47;100;10217920097;S
20240427;102638;162.47;400;10217920098;S
20240427;102642;162.47;600;10217920402;S
20240427;102642;162.47;100;10217920403;S
20240427;102642;162.47;500;10217920404;S
20240427;102642;162.47;100;10217920405;S
20240427;102644;162.45;20;10217920593;S
20240427;102653;162.47;120;10217921361;B
20240427;102657;162.47;1580;10217921769;B
20240427;102657;162.47;420;10217921770;B
20240427;102710;162.48;10;10217923486;B
20240427;102715;162.48;10;10217923840;B
20240427;102724;162.47;10;10217924460;S
20240427;102724;162.48;530;10217924490;B
20240427;102724;162.48;200;10217924491;B
20240427;102724;162.48;270;10217924492;B
20240427;102727;162.48;30;10217924718;B
20240427;102729;162.48;180;10217924782;B
20240427;102732;162.47;10;10217925053;S
20240427;102732;162.48;500;10217925058;B
20240427;102734;162.48;10;10217925194;B
20240427;102739;162.48;10;10217925590;B
20240427;102740;162.48;20;10217925654;B
20240427;102747;162.48;180;10217926226;B
20240427;102749;162.48;20;10217926453;B
20240427;102750;162.47;480;10217926579;S
20240427;102753;162.47;30;10217926753;S
20240427;102753;162.47;2000;10217926754;S
20240427;102753;162.47;100;10217926755;S
20240427;102753;162.46;1540;10217926756;S
20240427;102753;162.45;800;10217926757;S
20240427;102753;162.45;100;10217926758;S
20240427;102753;162.45;100;10217926759;S
20240427;102753;162.45;100;10217926760;S
20240427;102753;162.45;100;10217926761;S
20240427;102753;162.45;100;10217926762;S
20240427;102753;162.45;60;10217926763;S
20240427;102753;162.45;9090;10217926764;S
20240427;102753;162.45;880;10217926765;S
20240427;102755;162.47;10;10217926933;B
20240427;102757;162.45;120;10217927204;S
20240427;102757;162.44;100;10217927205;S
20240427;102757;162.44;100;10217927206;S
20240427;102757;162.44;100;10217927207;S
20240427;102757;162.44;100;10217927208;S
20240427;102757;162.44;100;10217927209;S
20240427;102757;162.44;100;10217927210;S
20240427;102757;162.44;100;10217927211;S
20240427;102757;162.44;100;10217927212;S
20240427;102757;162.44;100;10217927213;S
20240427;102757;162.44;10;10217927214;S
20240427;102757;162.43;100;10217927215;S
20240427;102757;162.43;100;10217927216;S
20240427;102757;162.43;50;10217927217;S
20240427;102757;162.42;720;10217927218;S
20240427;102758;162.44;10;10217927271;B
20240427;102759;162.44;20;10217927317;B
20240427;102803;162.42;80;10217927931;S
20240427;102804;162.42;740;10217928053;S
20240427;102804;162.43;10;10217928104;B
20240427;102806;162.43;180;10217928238;B
20240427;102810;162.42;50;10217928681;S
20240427;102811;162.43;10;10217928737;B
20240427;102815;162.43;10;10217929033;B
20240427;102815;162.43;10;10217929045;B
20240427;102817;162.43;30;10217929227;B
20240427;102817;162.43;100;10217929228;B
20240427;102817;162.43;20;10217929261;B
20240427;102817;162.43;20;10217929264;B
20240427;102819;162.42;40;10217929462;S
20240427;102822;162.43;70;10217929699;B
20240427;102822;162.43;70;10217929700;B
20240427;102822;162.43;10;10217929745;B
20240427;102823;162.43;200;10217929811;B
20240427;102833;162.43;80;10217930621;B
20240427;102833;162.43;160;10217930622;B
20240427;102833;162.43;500;10217930654;B
20240427;102835;162.43;50;10217930869;B
20240427;102838;162.42;20;10217931053;S
20240427;102838;162.43;40;10217931060;B
20240427;102844;162.42;3980;10217931482;S
20240427;102844;162.42;200;10217931483;S
20240427;102844;162.42;300;10217931484;S
20240427;102844;162.42;200;10217931485;S
20240427;102844;162.41;100;10217931486;S
20240427;102844;162.41;50;10217931487;S
20240427;102844;162.41;60;10217931488;S
20240427;102844;162.41;1000;10217931489;S
20240427;102844;162.41;610;10217931490;S
20240427;102844;162.4;2520;10217931491;S
20240427;102844;162.4;1850;10217931492;S
20240427;102844;162.4;2750;10217931493;S
20240427;102844;162.4;2500;10217931494;S
20240427;102844;162.41;300;10217931495;B
20240427;102844;162.41;600;10217931496;B
20240427;102844;162.41;100;10217931497;B
20240427;102844;162.41;100;10217931498;B
20240427;102844;162.41;10;10217931502;B
20240427;102845;162.4;2750;10217931533;S
20240427;102845;162.4;100;10217931534;S
20240427;102845;162.4;100;10217931535;S
20240427;102845;162.4;50;10217931536;S
20240427;102847;162.41;60;10217931742;B
20240427;102849;162.41;2330;10217931851;B
20240427;102849;162.43;100;10217931852;B
20240427;102849;162.43;10;10217931853;B
20240427;102849;162.43;60;10217931854;B
20240427;102850;162.44;10;10217931927;B
20240427;102851;162.44;100;10217932051;B
20240427;102854;162.44;620;10217932150;B
20240427;102901;162.44;10;10217932662;S
20240427;102901;162.44;90;10217932717;S
20240427;102901;162.44;100;10217932718;S
20240427;102901;162.44;100;10217932719;S
20240427;102901;162.44;60;10217932720;S
20240427;102905;162.43;20;10217933083;S
20240427;102910;162.45;1560;10217933409;B
20240427;102910;162.45;300;10217933410;B
20240427;102910;162.47;2980;10217933411;B
20240427;102910;162.47;20;10217933447;B
20240427;102910;162.48;980;10217933448;B
20240427;102917;162.48;40;10217933954;B
20240427;102919;162.48;700;10217934113;B
20240427;102920;162.48;50;10217934170;B
20240427;102922;162.48;10;10217934237;B
20240427;102922;162.48;10;10217934289;B
20240427;102923;162.48;30;10217934326;B
20240427;102925;162.48;2280;10217934454;B
20240427;102926;162.48;10;10217934572;B
20240427;102926;162.48;1170;10217934594;B
20240427;102926;162.48;2500;10217934595;B
20240427;102929;162.49;200;10217934887;B
20240427;102931;162.49;20;10217935004;B
20240427;102931;162.48;500;10217935075;S
20240427;102934;162.48;10;10217935277;S
20240427;102937;162.48;10;10217935475;S
20240427;102941;162.49;10;10217935724;B
20240427;102941;162.49;390;10217935743;B
20240427;102941;162.49;2500;10217935744;B
20240427;102941;162.49;800;10217935745;S
20240427;102941;162.49;200;10217935746;S
20240427;102941;162.49;20;10217935770;S
20240427;102944;162.49;1000;10217936055;S
20240427;102950;162.5;10;10217936430;B
20240427;102950;162.5;10;10217936431;B
20240427;102951;162.49;490;10217936475;S
20240427;102953;162.49;20;10217936654;S
20240427;102958;162.5;50;10217937062;B
20240427;103001;162.5;10;10217937418;B
20240427;103002;162.5;30;10217937422;B
20240427;103006;162.5;10;10217937853;B
20240427;103008;162.5;50;10217937954;B
20240427;103010;162.49;300;10217938436;S
20240427;103013;162.5;10;10217938725;B
20240427;103013;162.5;1830;10217938814;B
20240427;103013;162.5;10;10217938815;B
20240427;103013;162.5;30;10217938816;B
20240427;103013;162.5;10;10217938817;B
20240427;103013;162.5;110;10217938818;B
20240427;103013;162.5;2500;10217938819;B
20240427;103013;162.5;50;10217938820;B
20240427;103013;162.5;30;10217938821;B
20240427;103013;162.5;10;10217938822;B
20240427;103019;162.49;200;10217939184;S
20240427;103023;162.5;30;10217939659;B
20240427;103026;162.5;520;10217939866;B
20240427;103026;162.5;260;10217939867;B
20240427;103030;162.5;10;10217940517;B
20240427;103031;162.5;20;10217940600;B
20240427;103031;162.5;100;10217940642;B
20240427;103034;162.5;20;10217940876;B
20240427;103034;162.5;10;10217940934;B
20240427;103037;162.5;10;10217941315;B
20240427;103038;162.49;10;10217941374;S
20240427;103039;162.5;10;10217941410;B
20240427;103046;162.5;10;10217942327;B
20240427;103049;162.5;10;10217942637;B
20240427;103056;162.5;30;10217943294;B
20240427;103100;162.49;290;10217943816;S
20240427;103100;162.49;210;10217943817;S
20240427;103101;162.5;20;10217943864;B
20240427;103107;162.5;220;10217944384;B
20240427;103107;162.5;80;10217944385;B
20240427;103107;162.5;1930;10217944386;B
20240427;103107;162.5;510;10217944387;B
20240427;103111;162.5;30;10217944665;B
20240427;103112;162.5;320;10217944757;B
20240427;103114;162.49;390;10217944890;S
20240427;103114;162.49;200;10217944891;S
20240427;103114;162.49;210;10217944892;S
20240427;103117;162.5;10;10217945331;B
20240427;103121;162.5;50;10217945608;B
20240427;103134;162.5;2440;10217946474;B
20240427;103134;162.5;470;10217946475;B
20240427;103134;162.52;1000;10217946476;B
20240427;103135;162.53;810;10217946575;B
20240427;103136;162.53;80;10217946621;S
20240427;103143;162.53;20;10217947036;S
20240427;103146;162.54;10;10217947415;B
20240427;103151;162.53;100;10217948325;S
20240427;103151;162.53;200;10217948326;S
20240427;103151;162.53;180;10217948327;S
20240427;103155;162.53;30;10217948888;S
20240427;103206;162.54;20;10217949865;B
20240427;103206;162.54;180;10217949866;B
20240427;103212;162.54;20;10217950376;B
20240427;103215;162.54;10;10217951069;B
20240427;103217;162.54;790;10217951425;B
20240427;103217;162.54;1000;10217951426;B
20240427;103217;162.54;1000;10217951427;B
20240427;103217;162.54;1110;10217951428;B
20240427;103217;162.54;540;10217951429;B
20240427;103217;162.54;300;10217951430;B
20240427;103217;162.54;260;10217951431;B
20240427;103223;162.53;10;10217952034;S
20240427;103227;162.54;10;10217952431;B
20240427;103229;162.54;60;10217952519;B
20240427;103240;162.54;200;10217953394;B
20240427;103247;162.53;580;10217953828;S
20240427;103247;162.53;200;10217953829;S
20240427;103247;162.53;800;10217953830;S
20240427;103247;162.53;420;10217953831;S
20240427;103247;162.53;10;10217953841;S
20240427;103247;162.53;30;10217953862;S
20240427;103247;162.54;1250;10217953877;B
20240427;103247;162.55;30;10217953878;B
20240427;103247;162.55;340;10217953879;B
20240427;103247;162.55;800;10217953887;B
20240427;103247;162.55;200;10217953888;B
20240427;103248;162.56;220;10217953912;B
20240427;103248;162.56;10;10217953913;B
20240427;103248;162.56;1000;10217953914;B
20240427;103248;162.57;220;10217953915;B
20240427;103248;162.57;80;10217953916;B
20240427;103248;162.57;40;10217953917;B
20240427;103248;162.57;130;10217953991;S
20240427;103248;162.57;70;10217953992;S
20240427;103254;162.58;20;10217954350;B
20240427;103257;162.58;10;10217954681;B
20240427;103300;162.58;510;10217954933;B
20240427;103303;162.58;10;10217955197;B
20240427;103305;162.58;90;10217955259;B
20240427;103308;162.58;10;10217955461;B
20240427;103324;162.58;100;10217956662;B
20240427;103326;162.58;30;10217956801;B
20240427;103326;162.58;30;10217956805;B
20240427;103327;162.58;10;10217956848;B
20240427;103327;162.57;10;10217956854;S
20240427;103328;162.58;10;10217956896;B
20240427;103331;162.58;100;10217957164;B
20240427;103332;162.58;10;10217957171;B
20240427;103335;162.57;520;10217957360;S
20240427;103335;162.57;880;10217957361;S
20240427;103335;162.57;620;10217957362;S
20240427;103335;162.57;280;10217957363;S
20240427;103336;162.58;10;10217957440;B
20240427;103336;162.58;30;10217957505;B
20240427;103336;162.58;20;10217957555;B
20240427;103336;162.58;20;10217957556;B
20240427;103336;162.57;100;10217957558;S
20240427;103336;162.57;100;10217957559;S
20240427;103336;162.57;100;10217957560;S
20240427;103336;162.57;100;10217957561;S
20240427;103337;162.58;100;10217957614;B
20240427;103342;162.57;320;10217957948;S
20240427;103342;162.57;100;10217957949;S
20240427;103342;162.57;300;10217957950;S
20240427;103342;162.57;280;10217957951;S
20240427;103343;162.58;10;10217958018;B
20240427;103350;162.57;100;10217958538;S
20240427;103351;162.57;20;10217958601;S
20240427;103351;162.57;400;10217958602;S
20240427;103351;162.57;50;10217958603;S
20240427;103351;162.55;90;10217958604;S
20240427;103351;162.54;50;10217958605;S
20240427;103351;162.53;10;10217958606;S
20240427;103351;162.53;10;10217958607;S
20240427;103351;162.53;1000;10217958608;S
20240427;103351;162.52;40;10217958609;S
20240427;103351;162.52;1300;10217958610;S
20240427;103351;162.55;800;10217958612;B
20240427;103351;162.5;50;10217958613;S
20240427;103351;162.5;30;10217958614;S
20240427;103351;162.5;60;10217958615;S
20240427;103351;162.5;60;10217958616;S
20240427;103351;162.5;160;10217958617;S
20240427;103351;162.5;800;10217958618;S
20240427;103351;162.5;10;10217958619;S
20240427;103351;162.49;10;10217958620;S
20240427;103351;162.49;10;10217958621;S
20240427;103351;162.49;10;10217958622;S
20240427;103351;162.49;630;10217958623;S
20240427;103351;162.49;50;10217958624;S
20240427;103351;162.48;620;10217958625;S
20240427;103351;162.5;100;10217958626;B
20240427;103351;162.5;200;10217958627;B
20240427;103351;162.49;100;10217958628;B
20240427;103351;162.49;200;10217958629;B
20240427;103351;162.49;400;10217958630;B
20240427;103351;162.49;100;10217958631;B
20240427;103351;162.49;200;10217958632;B
20240427;103351;162.49;400;10217958633;B
20240427;103351;162.49;100;10217958634;B
20240427;103351;162.49;200;10217958635;B
20240427;103356;162.49;10;10217958936;B
20240427;103400;162.49;10;10217959308;B
20240427;103400;162.49;10;10217959319;B
20240427;103402;162.49;10;10217959465;B
20240427;103403;162.49;10;10217959524;B
20240427;103404;162.49;10;10217959669;B
20240427;103406;162.49;350;10217959922;B
20240427;103407;162.49;50;10217960044;B
20240427;103408;162.49;10;10217960110;B
20240427;103408;162.49;630;10217960119;B
20240427;103408;162.49;370;10217960120;B
20240427;103409;162.49;200;10217960180;B
20240427;103410;162.48;10;10217960230;S
20240427;103410;162.49;500;10217960231;B
20240427;103410;162.49;2500;10217960232;B
20240427;103410;162.5;1000;10217960233;S
20240427;103410;162.5;300;10217960234;B
20240427;103411;162.5;10;10217960326;B
20240427;103411;162.5;10;10217960338;B
20240427;103417;162.5;10;10217960757;B
20240427;103420;162.5;1000;10217960900;B
20240427;103420;162.5;10;10217961000;B
20240427;103420;162.5;10;10217961018;B
20240427;103422;162.5;150;10217961444;B
20240427;103422;162.5;10;10217961445;B
20240427;103422;162.5;140;10217961446;S
20240427;103422;162.5;300;10217961447;S
20240427;103426;162.57;10;10217962418;B
20240427;103433;162.57;10;10217963777;B
20240427;103434;162.57;50;10217963850;B
20240427;103435;162.57;10;10217963951;B
20240427;103435;162.57;20;10217963952;B
20240427;103435;162.57;40;10217963962;B
20240427;103443;162.57;2440;10217964750;B
20240427;103443;162.57;610;10217964751;B
20240427;103443;162.59;500;10217964752;B
20240427;103443;162.59;30;10217964753;B
20240427;103443;162.59;1000;10217964754;B
20240427;103443;162.59;220;10217964755;B
20240427;103443;162.59;1930;10217964756;B
20240427;103443;162.59;1300;10217964757;B
20240427;103443;162.57;300;10217964758;S
20240427;103443;162.56;300;10217964759;S
20240427;103443;162.56;400;10217964760;S
20240427;103443;162.56;100;10217964761;S
20240427;103443;162.56;500;10217964762;S
20240427;103443;162.56;500;10217964763;S
20240427;103443;162.53;400;10217964764;S
20240427;103443;162.58;200;10217964766;B
20240427;103443;162.58;100;10217964767;B
20240427;103443;162.58;300;10217964768;B
20240427;103443;162.58;300;10217964769;B
20240427;103443;162.58;200;10217964770;B
20240427;103443;162.58;300;10217964771;B
20240427;103443;162.58;300;10217964772;B
20240427;103443;162.58;200;10217964773;B
20240427;103452;162.57;200;10217965393;S
20240427;103452;162.57;200;10217965394;S
20240427;103452;162.57;300;10217965395;S
20240427;103452;162.57;200;10217965396;S
20240427;103452;162.57;800;10217965397;S
20240427;103452;162.57;100;10217965398;S
20240427;103452;162.57;1940;10217965399;S
20240427;103458;162.58;680;10217966375;B
20240427;103458;162.58;10;10217966425;B
20240427;103458;162.58;10;10217966436;B
20240427;103459;162.57;100;10217966477;S
20240427;103459;162.57;200;10217966478;S
20240427;103459;162.57;200;10217966479;S
20240427;103459;162.57;400;10217966480;S
20240427;103500;162.58;10;10217966549;B
20240427;103508;162.58;10;10217967047;B
20240427;103509;162.57;10;10217967108;S
20240427;103518;162.58;1000;10217967791;B
20240427;103518;162.58;300;10217967792;B
20240427;103518;162.58;1000;10217967793;B
20240427;103518;162.58;200;10217967794;B
20240427;103518;162.58;800;10217967795;B
20240427;103518;162.58;310;10217967796;B
20240427;103518;162.58;620;10217967797;B
20240427;103518;162.58;770;10217967833;S
20240427;103518;162.58;430;10217967834;S
20240427;103520;162.58;10;10217968027;S
20240427;103521;162.58;560;10217968133;S
20240427;103521;162.58;790;10217968134;S
20240427;103523;162.59;20;10217968403;B
20240427;103527;162.59;290;10217968925;B
20240427;103528;162.59;20;10217969030;B
20240427;103529;162.58;200;10217969063;S
20240427;103533;162.58;40;10217969388;S
20240427;103542;162.59;1210;10217970147;B
20240427;103542;162.59;240;10217970148;B
20240427;103542;162.58;20;10217970233;S
20240427;103543;162.59;10;10217970261;B
20240427;103543;162.58;480;10217970340;S
20240427;103548;162.59;30;10217970774;B
20240427;103548;162.59;10;10217970781;B
20240427;103551;162.58;480;10217970966;S
20240427;103554;162.59;300;10217971218;B
20240427;103555;162.59;30;10217971289;B
20240427;103555;162.59;20;10217971295;B
20240427;103600;162.59;20;10217971717;B
20240427;103600;162.59;20;10217971721;B
20240427;103600;162.59;110;10217971808;B
20240427;103600;162.59;2500;10217971809;B
20240427;103600;162.59;190;10217971810;B
20240427;103601;162.59;10;10217971907;B
20240427;103608;162.59;10;10217972380;B
20240427;103614;162.59;10;10217972736;B
20240427;103615;162.59;190;10217972837;B
20240427;103618;162.58;10;10217973010;S
20240427;103621;162.58;140;10217973203;S
20240427;103622;162.59;10;10217973388;B
20240427;103625;162.59;60;10217973570;B
20240427;103625;162.58;30;10217973608;S
20240427;103625;162.59;10;10217973612;B
20240427;103625;162.58;10;10217973616;S
20240427;103627;162.59;420;10217973765;B
20240427;103635;162.59;10;10217974498;B
20240427;103636;162.59;100;10217974560;B
20240427;103636;162.59;10;10217974591;B
20240427;103639;162.59;10;10217974879;B
20240427;103643;162.59;10;10217975152;B
20240427;103643;162.59;470;10217975157;B
20240427;103643;162.59;730;10217975158;B
20240427;103650;162.59;100;10217975714;B
20240427;103650;162.59;10;10217975732;B
20240427;103653;162.59;460;10217975973;B
20240427;103656;162.58;290;10217976145;S
20240427;103656;162.58;120;10217976146;S
20240427;103656;162.59;10;10217976186;B
20240427;103658;162.59;10;10217976303;B
20240427;103659;162.59;10;10217976371;B
20240427;103707;162.59;220;10217977277;B
20240427;103707;162.59;1540;10217977278;B
20240427;103707;162.59;5230;10217977279;B
20240427;103707;162.59;10;10217977280;B
20240427;103712;162.59;20;10217977663;B
20240427;103714;162.59;10;10217977924;B
20240427;103716;162.59;10;10217978127;B
20240427;103718;162.59;360;10217978230;B
20240427;103718;162.59;540;10217978231;B
20240427;103718;162.59;270;10217978232;B
20240427;103718;162.59;10;10217978233;B
20240427;103718;162.59;300;10217978234;B
20240427;103718;162.59;1000;10217978235;B
20240427;103718;162.59;1540;10217978236;B
20240427;103718;162.59;420;10217978237;B
20240427;103718;162.59;1000;10217978238;B
20240427;103718;162.59;460;10217978239;B
20240427;103718;162.59;300;10217978240;B
20240427;103718;162.59;1000;10217978241;B
20240427;103718;162.59;400;10217978242;B
20240427;103718;162.59;600;10217978243;B
20240427;103718;162.59;70;10217978244;B
20240427;103718;162.59;300;10217978245;S
20240427;103718;162.59;610;10217978246;S
20240427;103718;162.59;100;10217978247;B
20240427;103718;162.59;290;10217978248;B
20240427;103718;162.6;710;10217978249;B
20240427;103718;162.59;200;10217978250;B
20240427;103718;162.59;100;10217978251;B
20240427;103718;162.59;1000;10217978252;B
20240427;103718;162.59;500;10217978253;S
20240427;103718;162.59;500;10217978254;B
20240427;103718;162.59;1000;10217978255;B
20240427;103718;162.59;200;10217978256;B
20240427;103718;162.59;800;10217978258;B
20240427;103718;162.59;300;10217978259;B
20240427;103718;162.59;600;10217978260;B
20240427;103718;162.59;400;10217978261;B
20240427;103718;162.59;100;10217978262;S
20240427;103718;162.59;20;10217978319;B
20240427;103721;162.59;110;10217978664;B
20240427;103722;162.59;80;10217978726;B
20240427;103724;162.59;10;10217978934;B
20240427;103726;162.59;240;10217979109;B
20240427;103728;162.59;560;10217979198;B
20240427;103728;162.59;1000;10217979199;B
20240427;103728;162.59;800;10217979200;B
20240427;103728;162.6;140;10217979201;B
20240427;103728;162.58;10;10217979202;S
20240427;103728;162.58;20;10217979203;S
20240427;103728;162.59;300;10217979204;S
20240427;103739;162.6;30;10217979824;B
20240427;103745;162.6;190;10217980292;B
20240427;103751;162.59;490;10217980661;S
20240427;103752;162.59;10;10217980724;S
20240427;103752;162.59;800;10217980725;S
20240427;103752;162.59;800;10217980726;S
20240427;103752;162.59;100;10217980727;S
20240427;103752;162.59;50;10217980728;S
20240427;103752;162.59;20;10217980729;S
20240427;103752;162.57;20;10217980730;S
20240427;103752;162.57;200;10217980731;S
20240427;103752;162.57;10;10217980732;S
20240427;103752;162.54;10;10217980733;S
20240427;103752;162.54;1000;10217980734;S
20240427;103752;162.54;300;10217980735;S
20240427;103752;162.53;10;10217980736;S
20240427;103752;162.52;800;10217980737;S
20240427;103752;162.5;20;10217980738;S
20240427;103752;162.5;60;10217980739;S
20240427;103752;162.5;10;10217980740;S
20240427;103752;162.5;10;10217980741;S
20240427;103752;162.5;10;10217980742;S
20240427;103752;162.5;10;10217980743;S
20240427;103752;162.5;610;10217980744;S
20240427;103752;162.5;10;10217980745;S
20240427;103752;162.5;4630;10217980746;S
20240427;103752;162.53;800;10217980768;S
20240427;103752;162.53;1000;10217980769;S
20240427;103752;162.52;700;10217980770;S
20240427;103758;162.53;60;10217981348;S
20240427;103808;162.54;10;10217982254;B
20240427;103810;162.53;260;10217982362;S
20240427;103810;162.53;680;10217982404;S
20240427;103810;162.5;1000;10217982405;S
20240427;103810;162.5;40;10217982406;S
20240427;103810;162.5;10;10217982407;S
20240427;103810;162.49;1600;10217982408;S
20240427;103810;162.49;900;10217982409;S
