<DATE>;<TIME>;<LAST>;<VOL>;<ID>;<OPER>
20240205;095936;164.420000000;10;9523274647;S
20240205;095936;164.420000000;280;9523274648;S
20240205;095936;164.420000000;490;9523274649;S
20240205;095936;164.420000000;10;9523274650;S
20240205;095936;164.420000000;10;9523274651;S
20240205;095936;164.420000000;10;9523274652;S
20240205;095936;164.420000000;110;9523274653;S
20240205;095936;164.420000000;300;9523274654;S
20240205;095936;164.420000000;30;9523274655;S
20240205;095936;164.420000000;10;9523274656;S
20240205;095936;164.420000000;600;9523274657;B
20240205;095936;164.420000000;10;9523274658;B
20240205;095936;164.420000000;30;9523274659;B
20240205;095936;164.420000000;20;9523274660;B
20240205;095936;164.420000000;10;9523274661;B
20240205;095936;164.420000000;100;9523274662;B
20240205;095936;164.420000000;10;9523274663;B
20240205;095936;164.420000000;10;9523274664;B
20240205;095936;164.420000000;20;9523274665;B
20240205;095936;164.420000000;300;9523274666;B
20240205;095936;164.420000000;40;9523274667;B
20240205;095936;164.420000000;500;9523274668;B
20240205;095936;164.420000000;10;9523274669;B
20240205;095936;164.420000000;670;9523274670;B
20240205;095936;164.420000000;70;9523274671;B
20240205;095936;164.420000000;10;9523274672;B
20240205;095936;164.420000000;50;9523274673;B
20240205;095936;164.420000000;10;9523274674;B
20240205;095936;164.420000000;10;9523274675;B
20240205;095936;164.420000000;40;9523274676;B
20240205;095936;164.420000000;40;9523274677;B
20240205;095936;164.420000000;20;9523274678;B
20240205;095936;164.420000000;10;9523274679;B
20240205;095936;164.420000000;20;9523274680;B
20240205;095936;164.420000000;10;9523274681;B
20240205;095936;164.420000000;50;9523274682;B
20240205;095936;164.420000000;10;9523274683;S
20240205;095936;164.420000000;300;9523274684;S
20240205;095936;164.420000000;420;9523274685;S
20240205;095936;164.420000000;1160;9523274686;S
20240205;095936;164.420000000;10;9523274687;S
20240205;095936;164.420000000;10;9523274688;S
20240205;095936;164.420000000;100;9523274689;S
20240205;095936;164.420000000;10;9523274690;S
20240205;095936;164.420000000;10;9523274691;S
20240205;095936;164.420000000;740;9523274692;S
20240205;095936;164.420000000;10;9523274693;B
20240205;095936;164.420000000;10;9523274694;B
20240205;095936;164.420000000;1200;9523274695;S
20240205;095936;164.420000000;1500;9523274696;S
20240205;095936;164.420000000;6540;9523274697;S
20240205;095936;164.420000000;10000;9523274698;S
20240205;095936;164.420000000;10;9523274699;S
20240205;095936;164.420000000;10;9523274700;S
20240205;095936;164.420000000;30;9523274701;S
20240205;095936;164.420000000;10;9523274702;S
20240205;095936;164.420000000;10;9523274703;S
20240205;095936;164.420000000;20;9523274704;S
20240205;095936;164.420000000;10;9523274705;S
20240205;095936;164.420000000;600;9523274706;S
20240205;095936;164.420000000;10;9523274707;S
20240205;095936;164.420000000;30;9523274708;S
20240205;095936;164.420000000;20;9523274709;S
20240205;095936;164.420000000;10;9523274710;S
20240205;095936;164.420000000;10;9523274711;S
20240205;095936;164.420000000;10;9523274712;S
20240205;095936;164.420000000;40;9523274713;S
20240205;095936;164.420000000;10;9523274714;S
20240205;095936;164.420000000;60;9523274715;S
20240205;095936;164.420000000;10;9523274716;S
20240205;095936;164.420000000;20;9523274717;S
20240205;095936;164.420000000;10;9523274718;S
20240205;095936;164.420000000;10;9523274719;S
20240205;095936;164.420000000;10;9523274720;S
20240205;095936;164.420000000;10;9523274721;S
20240205;095936;164.420000000;10;9523274722;S
20240205;095936;164.420000000;10;9523274723;S
20240205;095936;164.420000000;60;9523274724;S
20240205;095936;164.420000000;60;9523274725;S
20240205;095936;164.420000000;10;9523274726;S
20240205;095936;164.420000000;100;9523274727;S
20240205;095936;164.420000000;640;9523274728;S
20240205;095936;164.420000000;9360;9523274729;B
20240205;095936;164.420000000;200;9523274730;S
20240205;095936;164.420000000;100;9523274731;S
20240205;095936;164.420000000;50;9523274732;B
20240205;095936;164.420000000;10;9523274733;B
20240205;095936;164.420000000;1000;9523274734;B
20240205;095936;164.420000000;30;9523274735;B
20240205;095936;164.420000000;70;9523274736;B
20240205;095936;164.420000000;10;9523274737;B
20240205;095936;164.420000000;180;9523274738;B
20240205;095936;164.420000000;10;9523274739;B
20240205;095936;164.420000000;10;9523274740;B
20240205;095936;164.420000000;10;9523274741;B
20240205;095936;164.420000000;10;9523274742;B
20240205;095936;164.420000000;120;9523274743;B
20240205;095936;164.420000000;5000;9523274744;B
20240205;095936;164.420000000;10;9523274745;B
20240205;095936;164.420000000;100;9523274746;S
20240205;095936;164.420000000;10;9523274747;B
20240205;095936;164.420000000;10;9523274748;B
20240205;095936;164.420000000;10;9523274749;B
20240205;095936;164.420000000;500;9523274750;B
20240205;095936;164.420000000;10;9523274751;B
20240205;095936;164.420000000;10;9523274752;B
20240205;095936;164.420000000;40;9523274753;B
20240205;095936;164.420000000;150;9523274754;B
20240205;095936;164.420000000;10;9523274755;B
20240205;095936;164.420000000;10;9523274756;B
20240205;095936;164.420000000;50;9523274757;B
20240205;095936;164.420000000;60;9523274758;B
20240205;095936;164.420000000;10;9523274759;B
20240205;095936;164.420000000;10;9523274760;B
20240205;095936;164.420000000;10;9523274761;B
20240205;095936;164.420000000;10;9523274762;B
20240205;095936;164.420000000;10;9523274763;S
20240205;095936;164.420000000;10;9523274764;B
20240205;095936;164.420000000;10;9523274765;S
20240205;095936;164.420000000;10;9523274766;S
20240205;095936;164.420000000;10;9523274767;S
20240205;095936;164.420000000;10;9523274768;S
20240205;095936;164.420000000;100;9523274769;S
20240205;095936;164.420000000;10;9523274770;S
20240205;095936;164.420000000;10;9523274771;S
20240205;095936;164.420000000;100;9523274772;B
20240205;095936;164.420000000;20;9523274773;B
20240205;095936;164.420000000;10;9523274774;B
20240205;095936;164.420000000;20;9523274775;B
20240205;095936;164.420000000;60;9523274776;B
20240205;095936;164.420000000;140;9523274777;B
20240205;095936;164.420000000;2280;9523274778;B
20240205;095936;164.420000000;10;9523274779;B
20240205;095936;164.420000000;330;9523274780;S
20240205;095936;164.420000000;20;9523274781;S
20240205;095936;164.420000000;130;9523274782;S
20240205;095936;164.420000000;340;9523274783;S
20240205;095936;164.420000000;10;9523274784;S
20240205;095936;164.420000000;130;9523274785;S
20240205;095936;164.420000000;6000;9523274786;S
20240205;095936;164.420000000;20;9523274787;S
20240205;095936;164.420000000;60;9523274788;S
20240205;095936;164.420000000;200;9523274789;S
20240205;095936;164.420000000;10;9523274790;B
20240205;095936;164.420000000;10;9523274791;S
20240205;095936;164.420000000;20;9523274792;B
20240205;095936;164.420000000;10;9523274793;B
20240205;095936;164.420000000;10;9523274794;B
20240205;095936;164.420000000;30;9523274795;B
20240205;095936;164.420000000;10;9523274796;B
20240205;095936;164.420000000;10;9523274797;B
20240205;095936;164.420000000;10;9523274798;B
20240205;095936;164.420000000;10;9523274799;B
20240205;095936;164.420000000;10;9523274800;B
20240205;095936;164.420000000;10;9523274801;B
20240205;095936;164.420000000;320;9523274802;B
20240205;095936;164.420000000;250;9523274803;B
20240205;095936;164.420000000;10;9523274804;B
20240205;095936;164.420000000;10;9523274805;B
20240205;095936;164.420000000;10;9523274806;B
20240205;095936;164.420000000;40;9523274807;B
20240205;095936;164.420000000;10;9523274808;B
20240205;095936;164.420000000;10;9523274809;B
20240205;095936;164.420000000;10;9523274810;B
20240205;095936;164.420000000;10;9523274811;B
20240205;095936;164.420000000;60;9523274812;B
20240205;095936;164.420000000;10;9523274813;B
20240205;095936;164.420000000;40;9523274814;B
20240205;095936;164.420000000;10;9523274815;B
20240205;095936;164.420000000;10;9523274816;B
20240205;095936;164.420000000;10;9523274817;B
20240205;095936;164.420000000;10;9523274818;B
20240205;095936;164.420000000;10;9523274819;B
20240205;095936;164.420000000;10;9523274820;B
20240205;095936;164.420000000;10;9523274821;B
20240205;095936;164.420000000;140;9523274822;B
20240205;095936;164.420000000;90;9523274823;B
20240205;095936;164.420000000;60;9523274824;B
20240205;095936;164.420000000;120;9523274825;B
20240205;095936;164.420000000;50;9523274826;B
20240205;095936;164.420000000;10;9523274827;S
20240205;095936;164.420000000;10;9523274828;S
20240205;095936;164.420000000;10;9523274829;S
20240205;095936;164.420000000;10;9523274830;S
20240205;095936;164.420000000;10;9523274831;S
20240205;095936;164.420000000;10;9523274832;S
20240205;095936;164.420000000;40;9523274833;S
20240205;095936;164.420000000;20;9523274834;S
20240205;095936;164.420000000;10;9523274835;S
20240205;095936;164.420000000;10;9523274836;S
20240205;095936;164.420000000;10;9523274837;S
20240205;095936;164.420000000;50;9523274838;B
20240205;095936;164.420000000;50;9523274839;B
20240205;095936;164.420000000;10;9523274840;S
20240205;095936;164.420000000;10;9523274841;S
20240205;095936;164.420000000;20;9523274842;S
20240205;095936;164.420000000;10;9523274843;S
20240205;095936;164.420000000;310;9523274844;S
20240205;095936;164.420000000;610;9523274845;S
20240205;095936;164.420000000;10;9523274846;S
20240205;095936;164.420000000;10;9523274847;S
20240205;095936;164.420000000;70;9523274848;S
20240205;095936;164.420000000;10;9523274849;S
20240205;095936;164.420000000;90;9523274850;S
20240205;095936;164.420000000;100;9523274851;S
20240205;095936;164.420000000;10;9523274852;S
20240205;095936;164.420000000;5000;9523274853;S
20240205;100000;164.450000000;10;9523283724;B
20240205;100000;164.450000000;50;9523283725;B
20240205;100000;164.450000000;10;9523283726;B
20240205;100000;164.450000000;60;9523283727;B
20240205;100000;164.450000000;10;9523283728;B
20240205;100000;164.450000000;10;9523283729;B
20240205;100000;164.450000000;10;9523283730;B
20240205;100000;164.450000000;50;9523283731;B
20240205;100000;164.450000000;10;9523283732;B
20240205;100000;164.450000000;30;9523283733;B
20240205;100000;164.450000000;10;9523283734;B
20240205;100000;164.450000000;100;9523283735;B
20240205;100000;164.450000000;10;9523283736;B
20240205;100000;164.450000000;30;9523283737;B
20240205;100000;164.450000000;40;9523283948;B
20240205;100000;164.450000000;20;9523284039;B
20240205;100000;164.470000000;10;9523284594;B
20240205;100000;164.490000000;200;9523284595;B
20240205;100000;164.500000000;30;9523284596;B
20240205;100000;164.500000000;300;9523284597;B
20240205;100000;164.500000000;200;9523284598;B
20240205;100000;164.500000000;200;9523284599;B
20240205;100000;164.500000000;6000;9523284600;B
20240205;100000;164.500000000;60;9523284601;B
20240205;100000;164.500000000;10;9523284602;B
20240205;100000;164.500000000;220;9523284603;B
20240205;100000;164.510000000;220;9523284667;B
20240205;100000;164.520000000;10;9523284725;B
20240205;100000;164.520000000;210;9523284955;B
20240205;100000;164.530000000;220;9523284956;B
20240205;100000;164.540000000;220;9523284957;B
20240205;100000;164.550000000;220;9523284958;B
20240205;100000;164.560000000;220;9523284959;B
20240205;100000;164.560000000;1830;9523284960;B
20240205;100000;164.570000000;220;9523284961;B
20240205;100000;164.570000000;1860;9523284962;B
20240205;100000;164.580000000;60;9523285000;B
20240205;100000;164.580000000;160;9523285014;B
20240205;100000;164.580000000;240;9523285015;B
20240205;100001;164.590000000;220;9523285284;B
20240205;100001;164.590000000;180;9523285285;B
20240205;100001;164.590000000;520;9523285311;B
20240205;100001;164.590000000;1130;9523285371;B
20240205;100001;164.600000000;5740;9523285500;B
20240205;100001;164.600000000;4090;9523285502;B
20240205;100001;164.600000000;150;9523285518;B
20240205;100001;164.560000000;50;9523285733;S
20240205;100001;164.560000000;20;9523285833;S
20240205;100001;164.560000000;30;9523285906;S
20240205;100001;164.590000000;10;9523287128;B
20240205;100002;164.590000000;1820;9523287305;B
20240205;100002;164.600000000;220;9523287345;B
20240205;100002;164.600000000;220;9523287352;B
20240205;100002;164.600000000;3610;9523287405;B
20240205;100002;164.600000000;3610;9523287422;B
20240205;100002;164.600000000;7050;9523287510;B
20240205;100002;164.600000000;1000;9523288079;B
20240205;100002;164.600000000;7050;9523288311;B
20240205;100002;164.600000000;7050;9523288313;B
20240205;100002;164.600000000;7050;9523288314;B
20240205;100002;164.600000000;3160;9523288315;B
20240205;100002;164.600000000;500;9523288316;B
20240205;100002;164.600000000;10;9523288317;B
20240205;100002;164.600000000;1830;9523288318;B
20240205;100002;164.610000000;2000;9523288319;B
20240205;100002;164.610000000;120;9523288320;B
20240205;100003;164.640000000;10;9523288662;B
20240205;100003;164.660000000;140;9523288663;B
20240205;100003;164.630000000;70;9523288674;S
20240205;100003;164.660000000;1690;9523288721;B
20240205;100003;164.680000000;200;9523288739;S
20240205;100003;164.680000000;300;9523288755;S
20240205;100003;164.680000000;200;9523288760;S
20240205;100003;164.680000000;100;9523288765;S
20240205;100003;164.680000000;300;9523288766;S
20240205;100003;164.680000000;1250;9523288779;B
20240205;100003;164.680000000;200;9523288787;B
20240205;100003;164.680000000;100;9523288788;B
20240205;100003;164.680000000;100;9523288789;B
20240205;100003;164.680000000;100;9523288790;B
20240205;100003;164.680000000;200;9523288791;B
20240205;100003;164.680000000;300;9523288792;B
20240205;100003;164.680000000;80;9523288793;B
20240205;100003;164.670000000;1780;9523288799;B
20240205;100003;164.670000000;80;9523289130;B
20240205;100003;164.670000000;50;9523289213;B
20240205;100003;164.660000000;10;9523289215;S
20240205;100004;164.660000000;10;9523290036;S
20240205;100004;164.670000000;250;9523290230;B
20240205;100004;164.670000000;700;9523290487;B
20240205;100004;164.670000000;10;9523290581;B
20240205;100004;164.660000000;20;9523290582;S
20240205;100004;164.660000000;10;9523290583;S
20240205;100004;164.670000000;10;9523290584;B
20240205;100004;164.670000000;30;9523290589;B
20240205;100004;164.670000000;10;9523290591;B
20240205;100004;164.660000000;10;9523290592;S
20240205;100004;164.670000000;10;9523290594;B
20240205;100004;164.660000000;30;9523290596;S
20240205;100004;164.660000000;10;9523290599;S
20240205;100004;164.660000000;10;9523290606;S
20240205;100004;164.670000000;10;9523290608;B
20240205;100004;164.670000000;20;9523290610;B
20240205;100004;164.670000000;10;9523290613;B
20240205;100004;164.670000000;10;9523290615;B
20240205;100004;164.660000000;60;9523290642;S
20240205;100004;164.670000000;70;9523290644;B
20240205;100004;164.670000000;20;9523290650;B
20240205;100004;164.670000000;10;9523290651;B
20240205;100004;164.670000000;10;9523290653;B
20240205;100004;164.670000000;20;9523290654;B
20240205;100004;164.660000000;10;9523290656;S
20240205;100004;164.670000000;10;9523290657;B
20240205;100004;164.670000000;10;9523290658;B
20240205;100004;164.670000000;10;9523290660;B
20240205;100005;164.660000000;500;9523291062;S
20240205;100005;164.670000000;1550;9523291362;B
20240205;100005;164.670000000;5730;9523291363;B
20240205;100005;164.660000000;10;9523291484;S
20240205;100005;164.670000000;80;9523291489;B
20240205;100005;164.670000000;10;9523291492;B
20240205;100005;164.670000000;20;9523291493;B
20240205;100005;164.660000000;570;9523291500;S
20240205;100005;164.630000000;430;9523291501;S
20240205;100005;164.630000000;120;9523291502;S
20240205;100005;164.670000000;20;9523291511;B
20240205;100005;164.630000000;10;9523291512;S
20240205;100005;164.670000000;10;9523291519;B
20240205;100005;164.670000000;10;9523291523;B
20240205;100005;164.670000000;40;9523291528;B
20240205;100005;164.670000000;10;9523291531;B
20240205;100005;164.670000000;10;9523291541;B
20240205;100005;164.670000000;10;9523291546;B
20240205;100005;164.670000000;10;9523291548;B
20240205;100005;164.630000000;870;9523291624;S
20240205;100005;164.670000000;10;9523291901;B
20240205;100005;164.670000000;10;9523291903;B
20240205;100005;164.630000000;70;9523291904;S
20240205;100005;164.670000000;10;9523291908;B
20240205;100005;164.670000000;10;9523291915;B
20240205;100005;164.670000000;10;9523291916;B
20240205;100005;164.670000000;10;9523291921;B
20240205;100005;164.670000000;10;9523291926;B
20240205;100005;164.670000000;10;9523291927;B
20240205;100005;164.670000000;10;9523291929;B
20240205;100005;164.670000000;20;9523291930;B
20240205;100005;164.670000000;10;9523291937;B
20240205;100005;164.670000000;10;9523291941;B
20240205;100005;164.670000000;10;9523291947;B
20240205;100005;164.670000000;10;9523291952;B
20240205;100005;164.670000000;10;9523291953;B
20240205;100005;164.630000000;20;9523292163;S
20240205;100005;164.670000000;50;9523292581;B
20240205;100005;164.650000000;20;9523293055;S
20240205;100005;164.670000000;300;9523293057;B
20240205;100005;164.650000000;10;9523293063;S
20240205;100005;164.670000000;10;9523293064;B
20240205;100005;164.670000000;10;9523293069;B
20240205;100005;164.650000000;110;9523293073;S
20240205;100005;164.670000000;10;9523293092;B
20240205;100005;164.650000000;20;9523293095;S
20240205;100005;164.670000000;10;9523293096;B
20240205;100005;164.650000000;80;9523293099;S
20240205;100005;164.670000000;10;9523293103;B
20240205;100006;164.670000000;100;9523293427;B
20240205;100006;164.670000000;20;9523293432;B
20240205;100006;164.660000000;20;9523293439;S
20240205;100006;164.680000000;10;9523293440;B
20240205;100006;164.680000000;10;9523293444;B
20240205;100006;164.670000000;20;9523293447;S
20240205;100006;164.680000000;10;9523293451;B
20240205;100006;164.660000000;10;9523293459;S
20240205;100006;164.680000000;10;9523293462;B
20240205;100006;164.670000000;40;9523293464;S
20240205;100006;164.670000000;10;9523293465;S
20240205;100006;164.680000000;10;9523293470;B
20240205;100006;164.660000000;40;9523293475;S
20240205;100006;164.670000000;10;9523293480;B
20240205;100006;164.670000000;10;9523293488;B
20240205;100006;164.660000000;10;9523293497;S
20240205;100006;164.660000000;80;9523293500;S
20240205;100006;164.670000000;40;9523293506;B
20240205;100006;164.670000000;10;9523293556;B
20240205;100006;164.660000000;10;9523293559;S
20240205;100006;164.660000000;20;9523293561;S
20240205;100006;164.670000000;10;9523293562;B
20240205;100006;164.670000000;40;9523293566;B
20240205;100006;164.670000000;10;9523293570;B
20240205;100006;164.670000000;30;9523293571;B
20240205;100006;164.670000000;10;9523293576;B
20240205;100006;164.670000000;10;9523293579;B
20240205;100006;164.660000000;10;9523293580;S
20240205;100006;164.660000000;10;9523293593;S
20240205;100006;164.670000000;10;9523294342;B
20240205;100006;164.670000000;10;9523294344;B
20240205;100006;164.670000000;20;9523294351;B
20240205;100006;164.670000000;10;9523294356;B
20240205;100006;164.670000000;10;9523294360;B
20240205;100006;164.660000000;10;9523294363;S
20240205;100006;164.670000000;10;9523294368;B
20240205;100006;164.670000000;10;9523294376;B
20240205;100006;164.670000000;10;9523294382;B
20240205;100006;164.670000000;10;9523294386;B
20240205;100006;164.660000000;2810;9523294393;S
20240205;100006;164.670000000;10;9523294395;B
20240205;100006;164.660000000;10;9523294404;S
20240205;100006;164.670000000;30;9523294416;B
20240205;100006;164.670000000;10;9523294422;B
20240205;100006;164.670000000;10;9523294683;B
20240205;100006;164.670000000;10;9523294744;B
20240205;100006;164.670000000;10;9523294747;B
20240205;100006;164.660000000;10;9523294820;S
20240205;100006;164.670000000;10;9523294828;B
20240205;100006;164.670000000;10;9523294835;B
20240205;100006;164.670000000;10;9523294842;B
20240205;100006;164.660000000;40;9523294852;S
20240205;100006;164.670000000;10;9523294854;B
20240205;100006;164.670000000;10;9523294860;B
20240205;100006;164.660000000;10;9523294864;S
20240205;100006;164.670000000;50;9523294871;B
20240205;100006;164.670000000;10;9523294880;B
20240205;100006;164.670000000;10;9523294887;B
20240205;100006;164.670000000;10;9523294896;B
20240205;100006;164.670000000;10;9523294908;B
20240205;100006;164.670000000;10;9523294915;B
20240205;100006;164.670000000;10;9523294924;B
20240205;100006;164.660000000;10;9523294935;S
20240205;100006;164.670000000;10;9523294943;B
20240205;100006;164.670000000;20;9523294961;B
20240205;100006;164.660000000;60;9523294975;S
20240205;100006;164.670000000;10;9523294980;B
20240205;100006;164.670000000;20;9523295007;B
20240205;100006;164.670000000;410;9523295010;B
20240205;100006;164.670000000;10;9523295011;B
20240205;100006;164.670000000;10;9523295019;B
20240205;100006;164.680000000;10;9523295023;B
20240205;100006;164.680000000;10;9523295025;B
20240205;100006;164.660000000;10;9523295029;S
20240205;100006;164.670000000;10;9523295035;B
20240205;100006;164.670000000;10;9523295036;B
20240205;100006;164.660000000;10;9523295038;S
20240205;100006;164.670000000;10;9523295040;B
20240205;100006;164.660000000;120;9523295045;S
20240205;100006;164.670000000;10;9523295047;B
20240205;100006;164.670000000;10;9523295049;B
20240205;100006;164.670000000;30;9523295054;B
20240205;100006;164.660000000;10;9523295057;S
20240205;100006;164.670000000;10;9523295372;B
20240205;100006;164.670000000;10;9523295376;B
20240205;100006;164.670000000;10;9523295379;B
20240205;100006;164.670000000;10;9523295384;B
20240205;100006;164.660000000;10;9523295391;S
20240205;100006;164.670000000;10;9523295399;B
20240205;100006;164.670000000;10;9523295403;B
20240205;100006;164.670000000;110;9523295411;B
20240205;100006;164.660000000;10;9523295416;S
20240205;100006;164.660000000;10;9523295427;S
20240205;100006;164.670000000;10;9523295443;B
20240205;100006;164.670000000;10;9523295445;B
20240205;100006;164.670000000;10;9523295477;B
20240205;100006;164.670000000;40;9523295487;B
20240205;100006;164.660000000;10;9523295514;S
20240205;100006;164.660000000;10;9523295523;S
20240205;100006;164.670000000;10;9523295530;B
20240205;100006;164.670000000;200;9523295538;B
20240205;100006;164.660000000;10;9523295546;S
20240205;100006;164.670000000;70;9523295555;B
20240205;100006;164.660000000;30;9523295566;S
20240205;100006;164.660000000;3870;9523295574;S
20240205;100006;164.660000000;3780;9523295575;S
20240205;100006;164.640000000;3890;9523295576;S
20240205;100006;164.560000000;1830;9523295577;S
20240205;100006;164.550000000;3000;9523295578;S
20240205;100006;164.550000000;1830;9523295579;S
20240205;100006;164.540000000;1800;9523295580;S
20240205;100006;164.500000000;1500;9523295612;S
20240205;100006;164.500000000;100;9523295617;S
20240205;100006;164.510000000;100;9523295622;S
20240205;100006;164.510000000;200;9523295627;S
20240205;100006;164.510000000;100;9523295628;S
20240205;100006;164.510000000;300;9523295632;S
20240205;100006;164.510000000;50;9523295637;S
20240205;100006;164.550000000;10;9523295895;B
20240205;100006;164.550000000;10;9523295949;B
20240205;100006;164.550000000;100;9523296055;B
20240205;100006;164.550000000;10;9523296721;B
20240205;100006;164.550000000;30;9523296727;B
20240205;100006;164.550000000;10;9523296737;B
20240205;100006;164.550000000;10;9523296747;B
20240205;100006;164.550000000;10;9523296761;B
20240205;100006;164.550000000;10;9523296768;B
20240205;100006;164.550000000;10;9523296780;B
20240205;100006;164.550000000;10;9523296787;B
20240205;100006;164.550000000;10;9523296794;B
20240205;100006;164.550000000;30;9523296796;B
20240205;100006;164.550000000;10;9523296825;B
20240205;100006;164.550000000;10;9523296838;B
20240205;100006;164.550000000;30;9523296860;B
20240205;100006;164.550000000;10;9523296865;B
20240205;100006;164.550000000;10;9523296869;B
20240205;100006;164.550000000;10;9523296875;B
20240205;100007;164.550000000;10;9523296882;B
20240205;100007;164.520000000;620;9523296888;S
20240205;100007;164.520000000;10;9523296892;B
20240205;100007;164.510000000;70;9523296900;S
20240205;100007;164.510000000;10;9523296908;S
20240205;100007;164.520000000;10;9523296910;B
20240205;100007;164.510000000;10;9523296920;S
20240205;100007;164.520000000;10;9523296930;B
20240205;100007;164.520000000;10;9523296937;B
20240205;100007;164.510000000;10;9523296939;S
20240205;100007;164.520000000;10;9523296964;B
20240205;100007;164.520000000;10;9523297403;B
20240205;100007;164.520000000;20;9523297524;B
20240205;100007;164.520000000;350;9523297667;B
20240205;100007;164.520000000;1500;9523297668;B
20240205;100007;164.510000000;70;9523297797;S
20240205;100007;164.610000000;10;9523297875;B
20240205;100007;164.610000000;10;9523297881;B
20240205;100007;164.610000000;10;9523297883;B
20240205;100007;164.610000000;10;9523297886;B
20240205;100007;164.510000000;20;9523297889;S
20240205;100007;164.610000000;10;9523297891;B
20240205;100007;164.510000000;10;9523297892;S
20240205;100007;164.510000000;10;9523297895;S
20240205;100007;164.610000000;10;9523297900;B
20240205;100007;164.610000000;10;9523297905;B
20240205;100007;164.510000000;270;9523297907;S
20240205;100007;164.610000000;10;9523297909;B
20240205;100007;164.610000000;10;9523297910;B
20240205;100007;164.610000000;10;9523297914;B
20240205;100007;164.610000000;10;9523297917;B
20240205;100007;164.510000000;10;9523297919;S
20240205;100007;164.610000000;10;9523297921;B
20240205;100007;164.510000000;20;9523297927;S
20240205;100007;164.610000000;10;9523297931;B
20240205;100007;164.610000000;20;9523297935;B
20240205;100007;164.610000000;10;9523297937;B
20240205;100007;164.620000000;150;9523297940;B
20240205;100007;164.620000000;10;9523297941;B
20240205;100007;164.510000000;20;9523298350;S
20240205;100007;164.610000000;10;9523298351;B
20240205;100007;164.610000000;10;9523298352;B
20240205;100007;164.610000000;10;9523298353;B
20240205;100007;164.610000000;10;9523298355;B
20240205;100007;164.600000000;10;9523298357;B
20240205;100007;164.600000000;10;9523298358;B
20240205;100007;164.610000000;10;9523298362;B
20240205;100007;164.600000000;10;9523298363;B
20240205;100007;164.510000000;30;9523298364;S
20240205;100007;164.600000000;10;9523298365;B
20240205;100007;164.510000000;10;9523298366;S
20240205;100007;164.600000000;10;9523298370;B
20240205;100007;164.600000000;10;9523298371;B
20240205;100007;164.620000000;10;9523298377;B
20240205;100007;164.510000000;30;9523298468;S
20240205;100008;164.620000000;10;9523299107;B
20240205;100008;164.510000000;10;9523299116;S
20240205;100008;164.510000000;10;9523299118;S
20240205;100008;164.620000000;10;9523299122;B
20240205;100008;164.510000000;10;9523299132;S
20240205;100008;164.620000000;10;9523299138;B
20240205;100008;164.620000000;10;9523299149;B
20240205;100008;164.620000000;10;9523299151;B
20240205;100008;164.510000000;40;9523299162;S
20240205;100008;164.620000000;10;9523299167;B
20240205;100008;164.510000000;10;9523299173;S
20240205;100008;164.620000000;10;9523299179;B
20240205;100008;164.620000000;10;9523299182;B
20240205;100008;164.610000000;10;9523299188;B
20240205;100008;164.510000000;40;9523299190;S
20240205;100008;164.620000000;10;9523299206;B
20240205;100008;164.580000000;10;9523299412;B
20240205;100008;164.580000000;10;9523299413;B
20240205;100008;164.580000000;10;9523299415;B
20240205;100008;164.510000000;30;9523299417;S
20240205;100008;164.580000000;10;9523299419;B
20240205;100008;164.580000000;10;9523299420;B
20240205;100008;164.510000000;10;9523299423;S
20240205;100008;164.510000000;10;9523299425;S
20240205;100008;164.570000000;10;9523299427;B
20240205;100008;164.570000000;10;9523299428;B
20240205;100008;164.570000000;10;9523299429;B
20240205;100008;164.570000000;10;9523299437;B
20240205;100008;164.570000000;10;9523299438;B
20240205;100008;164.610000000;10;9523299441;B
20240205;100008;164.610000000;10;9523299442;B
20240205;100008;164.610000000;10;9523299444;B
20240205;100008;164.510000000;10;9523299624;S
20240205;100008;164.510000000;10;9523299627;S
20240205;100008;164.570000000;10;9523299629;B
20240205;100008;164.570000000;10;9523299631;B
20240205;100008;164.570000000;20;9523299634;B
20240205;100008;164.570000000;40;9523299637;B
20240205;100008;164.570000000;10;9523299641;B
20240205;100008;164.570000000;10;9523299643;B
20240205;100008;164.570000000;30;9523299652;B
20240205;100008;164.570000000;10;9523299663;B
20240205;100008;164.510000000;10;9523299673;S
20240205;100008;164.570000000;10;9523299676;B
20240205;100008;164.570000000;10;9523299686;B
20240205;100008;164.570000000;20;9523299695;B
20240205;100008;164.570000000;10;9523299702;B
20240205;100008;164.570000000;100;9523299708;B
20240205;100008;164.570000000;10;9523300352;B
20240205;100008;164.570000000;10;9523300353;B
20240205;100008;164.570000000;10;9523300355;B
20240205;100008;164.570000000;10;9523300356;B
20240205;100008;164.570000000;10;9523300357;B
20240205;100008;164.570000000;40;9523300358;B
20240205;100008;164.510000000;30;9523300360;S
20240205;100008;164.570000000;10;9523300361;B
20240205;100008;164.570000000;10;9523300362;B
20240205;100008;164.570000000;10;9523300363;B
20240205;100008;164.570000000;10;9523300364;B
20240205;100008;164.570000000;60;9523300365;B
20240205;100008;164.570000000;10;9523300366;B
20240205;100008;164.570000000;10;9523300367;B
20240205;100008;164.570000000;10;9523300369;B
20240205;100008;164.570000000;10;9523300473;B
20240205;100008;164.570000000;10;9523300477;B
20240205;100008;164.570000000;10;9523300487;B
20240205;100008;164.510000000;10;9523300493;S
20240205;100008;164.570000000;10;9523300499;B
20240205;100008;164.570000000;10;9523300513;B
20240205;100008;164.570000000;10;9523300518;B
20240205;100008;164.570000000;10;9523300525;B
20240205;100008;164.570000000;10;9523300529;B
20240205;100008;164.510000000;50;9523300535;S
20240205;100008;164.570000000;50;9523300539;B
20240205;100008;164.570000000;10;9523300543;B
20240205;100008;164.570000000;10;9523300546;B
20240205;100008;164.510000000;10;9523300765;S
20240205;100008;164.510000000;20;9523301139;S
20240205;100008;164.570000000;10;9523301144;B
20240205;100008;164.570000000;30;9523301145;B
20240205;100008;164.570000000;10;9523301147;B
20240205;100008;164.570000000;10;9523301148;B
20240205;100008;164.570000000;10;9523301149;B
20240205;100008;164.570000000;10;9523301150;B
20240205;100008;164.570000000;10;9523301152;B
20240205;100008;164.570000000;20;9523301153;B
20240205;100008;164.570000000;1000;9523301154;B
20240205;100008;164.510000000;20;9523301155;S
20240205;100008;164.510000000;40;9523301156;S
20240205;100008;164.570000000;10;9523301157;B
20240205;100008;164.510000000;10;9523301159;S
20240205;100008;164.570000000;10;9523301160;B
20240205;100008;164.560000000;10;9523301163;B
20240205;100008;164.590000000;10;9523301166;B
20240205;100008;164.590000000;10;9523301167;B
20240205;100008;164.510000000;40;9523301170;S
20240205;100008;164.600000000;10;9523301326;B
20240205;100008;164.600000000;10;9523301328;B
20240205;100008;164.590000000;10;9523301332;B
20240205;100008;164.580000000;10;9523301333;B
20240205;100008;164.580000000;10;9523301335;B
20240205;100008;164.510000000;10;9523301336;S
20240205;100008;164.510000000;10;9523301337;S
20240205;100008;164.510000000;10;9523301340;S
20240205;100008;164.580000000;10;9523301341;B
20240205;100008;164.580000000;10;9523301343;B
20240205;100008;164.580000000;10;9523301347;B
20240205;100008;164.520000000;10;9523301348;S
20240205;100008;164.570000000;10;9523301350;B
20240205;100008;164.570000000;10;9523301351;B
20240205;100008;164.570000000;10;9523301352;B
20240205;100008;164.570000000;10;9523301354;B
20240205;100008;164.570000000;20;9523301356;B
20240205;100008;164.570000000;10;9523301357;B
20240205;100008;164.570000000;10;9523301358;B
20240205;100008;164.640000000;10;9523301363;B
20240205;100008;164.640000000;100;9523301367;B
20240205;100008;164.510000000;10;9523301369;S
20240205;100008;164.560000000;10;9523301370;B
20240205;100008;164.560000000;10;9523301371;B
20240205;100008;164.560000000;10;9523301375;B
20240205;100008;164.560000000;30;9523301377;B
20240205;100008;164.560000000;10;9523301380;B
20240205;100008;164.510000000;10;9523301381;S
20240205;100008;164.510000000;10;9523301382;S
20240205;100008;164.560000000;10;9523301383;B
20240205;100009;164.510000000;10;9523301837;S
20240205;100009;164.520000000;10;9523302223;S
20240205;100009;164.520000000;10;9523302367;S
20240205;100009;164.630000000;10;9523302370;B
20240205;100009;164.630000000;10;9523302371;B
20240205;100009;164.520000000;10;9523302372;S
20240205;100009;164.520000000;10;9523302374;S
20240205;100009;164.620000000;10;9523302376;B
20240205;100009;164.620000000;10;9523302377;B
20240205;100009;164.520000000;50;9523302379;S
20240205;100009;164.520000000;20;9523302380;S
20240205;100009;164.620000000;10;9523302381;B
20240205;100009;164.620000000;10;9523302382;B
20240205;100009;164.520000000;10;9523302383;S
20240205;100009;164.610000000;10;9523302384;B
20240205;100009;164.600000000;30;9523302387;B
20240205;100009;164.600000000;10;9523302388;B
20240205;100009;164.600000000;10;9523302389;B
20240205;100009;164.600000000;10;9523302390;B
20240205;100009;164.610000000;250;9523302727;B
20240205;100010;164.520000000;30;9523302995;S
20240205;100010;164.520000000;50;9523303174;S
20240205;100010;164.520000000;10;9523303175;S
20240205;100010;164.510000000;270;9523303176;S
20240205;100010;164.570000000;1790;9523303593;B
20240205;100010;164.590000000;10;9523303767;B
20240205;100010;164.590000000;20;9523303875;B
20240205;100010;164.570000000;20;9523303899;B
20240205;100010;164.570000000;180;9523304026;B
20240205;100011;164.590000000;30;9523304186;B
20240205;100011;164.590000000;10;9523304395;B
20240205;100011;164.590000000;80;9523304402;B
20240205;100011;164.590000000;100;9523304485;B
20240205;100011;164.590000000;10;9523304550;B
20240205;100011;164.590000000;90;9523304794;B
20240205;100011;164.590000000;10;9523304805;B
20240205;100011;164.590000000;80;9523304813;B
20240205;100012;164.590000000;30;9523304967;B
20240205;100012;164.580000000;4120;9523305075;S
20240205;100012;164.510000000;10150;9523305076;S
20240205;100012;164.510000000;1830;9523305077;S
20240205;100012;164.500000000;21710;9523305078;S
20240205;100012;164.590000000;10;9523305261;B
20240205;100012;164.590000000;50;9523305379;B
20240205;100013;164.590000000;10;9523305571;B
20240205;100013;164.580000000;560;9523306110;B
20240205;100014;164.580000000;10;9523306152;B
20240205;100014;164.580000000;20;9523306209;B
20240205;100014;164.570000000;100;9523306896;S
20240205;100015;164.570000000;100;9523307553;S
20240205;100016;164.630000000;1670;9523307771;B
20240205;100016;164.640000000;20;9523307772;B
20240205;100016;164.640000000;310;9523307773;B
20240205;100016;164.640000000;130;9523308143;B
20240205;100016;164.640000000;10;9523308459;B
20240205;100017;164.660000000;20;9523308493;B
20240205;100017;164.630000000;3210;9523308561;B
20240205;100017;164.680000000;10;9523308590;B
20240205;100017;164.550000000;890;9523308828;S
20240205;100017;164.650000000;10;9523309189;B
20240205;100018;164.620000000;100;9523309576;B
20240205;100019;164.620000000;90;9523309990;B
20240205;100019;164.550000000;310;9523310255;S
20240205;100019;164.640000000;10;9523310359;B
20240205;100020;164.610000000;30;9523310748;B
20240205;100021;164.550000000;2500;9523311125;S
20240205;100021;164.620000000;10;9523311324;B
20240205;100022;164.580000000;50;9523311760;B
20240205;100022;164.580000000;100;9523311777;B
20240205;100022;164.580000000;1000;9523311982;B
20240205;100022;164.580000000;200;9523312003;B
20240205;100023;164.580000000;20;9523312463;B
20240205;100023;164.580000000;310;9523312496;B
20240205;100023;164.580000000;160;9523312586;B
20240205;100023;164.570000000;670;9523312624;S
20240205;100024;164.570000000;20;9523312900;S
20240205;100024;164.550000000;10;9523313117;S
20240205;100024;164.570000000;10;9523313314;B
20240205;100024;164.570000000;190;9523313364;B
20240205;100024;164.570000000;10;9523313365;B
20240205;100025;164.560000000;500;9523313465;S
20240205;100025;164.580000000;10;9523313545;B
20240205;100025;164.560000000;20;9523313607;S
20240205;100026;164.580000000;400;9523313882;B
20240205;100026;164.570000000;10;9523314001;S
20240205;100026;164.570000000;800;9523314045;S
20240205;100026;164.570000000;100;9523314304;S
20240205;100027;164.570000000;100;9523314334;S
20240205;100027;164.580000000;130;9523314472;B
20240205;100027;164.570000000;2710;9523314602;S
20240205;100027;164.570000000;20;9523314603;S
20240205;100027;164.560000000;10;9523314698;S
20240205;100029;164.560000000;10;9523315850;S
20240205;100029;164.570000000;270;9523315852;B
20240205;100029;164.570000000;5180;9523315853;B
20240205;100029;164.580000000;810;9523315854;B
20240205;100029;164.560000000;30;9523315885;S
20240205;100029;164.560000000;170;9523315886;S
20240205;100029;164.560000000;10;9523315915;S
20240205;100029;164.560000000;100;9523316084;S
20240205;100029;164.580000000;550;9523316129;B
20240205;100029;164.580000000;20;9523316133;B
20240205;100030;164.550000000;50;9523316454;S
20240205;100030;164.540000000;10;9523316455;S
20240205;100030;164.540000000;30;9523316456;S
20240205;100030;164.570000000;20;9523316536;B
20240205;100031;164.560000000;720;9523316906;S
20240205;100031;164.570000000;20;9523317011;B
20240205;100031;164.540000000;970;9523317070;S
20240205;100031;164.520000000;40;9523317071;S
20240205;100031;164.510000000;10;9523317072;S
20240205;100031;164.510000000;2780;9523317073;S
20240205;100032;164.570000000;60;9523317242;B
20240205;100032;164.570000000;40;9523317243;B
20240205;100032;164.580000000;10;9523317270;B
20240205;100032;164.580000000;1090;9523317452;B
20240205;100032;164.580000000;170;9523317500;B
20240205;100032;164.580000000;350;9523317721;B
20240205;100033;164.580000000;620;9523317908;B
20240205;100033;164.590000000;20;9523317909;B
20240205;100033;164.620000000;100;9523317910;B
20240205;100033;164.640000000;760;9523317911;B
20240205;100033;164.580000000;100;9523317978;S
20240205;100033;164.580000000;100;9523317982;S
20240205;100033;164.580000000;100;9523317988;S
20240205;100033;164.580000000;60;9523317993;S
20240205;100033;164.570000000;40;9523317994;S
20240205;100033;164.580000000;40;9523318002;S
20240205;100033;164.570000000;60;9523318003;S
20240205;100033;164.580000000;100;9523318051;S
20240205;100033;164.570000000;100;9523318052;S
20240205;100033;164.570000000;100;9523318058;S
20240205;100033;164.570000000;100;9523318087;S
20240205;100033;164.570000000;100;9523318088;S
20240205;100033;164.580000000;100;9523318140;S
20240205;100033;164.580000000;100;9523318165;S
20240205;100033;164.580000000;100;9523318170;S
20240205;100034;164.580000000;80;9523318239;S
20240205;100034;164.630000000;30;9523318250;B
20240205;100034;164.580000000;100;9523318284;S
20240205;100034;164.600000000;60;9523318314;S
20240205;100034;164.580000000;100;9523318366;S
20240205;100034;164.580000000;100;9523318492;S
20240205;100034;164.580000000;100;9523318527;S
20240205;100035;164.570000000;3420;9523318680;S
20240205;100035;164.530000000;500;9523318681;S
20240205;100035;164.520000000;10;9523318682;S
20240205;100035;164.510000000;2220;9523318683;S
20240205;100035;164.510000000;100;9523318684;S
20240205;100035;164.510000000;760;9523318685;S
20240205;100035;164.500000000;26940;9523318686;S
20240205;100035;164.510000000;2000;9523319011;B
20240205;100036;164.510000000;50;9523319224;B
20240205;100036;164.510000000;990;9523319462;B
20240205;100037;164.510000000;100;9523319702;B
20240205;100037;164.510000000;20;9523319763;B
20240205;100038;164.510000000;20;9523319895;B
20240205;100038;164.510000000;150;9523320145;B
20240205;100038;164.500000000;10;9523320149;S
20240205;100038;164.510000000;300;9523320162;B
20240205;100039;164.510000000;10;9523320194;B
20240205;100039;164.500000000;100;9523320350;S
20240205;100039;164.500000000;100;9523320434;S
20240205;100039;164.510000000;20;9523320468;B
20240205;100039;164.500000000;100;9523320496;S
20240205;100040;164.500000000;70;9523320510;S
20240205;100040;164.500000000;100;9523320550;S
20240205;100040;164.510000000;20;9523320553;B
20240205;100040;164.500000000;100;9523320583;S
20240205;100040;164.500000000;100;9523320609;S
20240205;100040;164.500000000;900;9523320610;S
20240205;100040;164.510000000;10;9523320611;B
20240205;100040;164.510000000;50;9523320639;B
20240205;100040;164.510000000;10;9523320648;B
20240205;100040;164.510000000;660;9523320674;B
20240205;100040;164.500000000;100;9523320730;S
20240205;100040;164.510000000;300;9523320735;B
20240205;100041;164.500000000;100;9523320817;S
20240205;100041;164.500000000;10;9523320844;S
20240205;100041;164.500000000;100;9523320902;S
20240205;100041;164.500000000;100;9523320924;S
20240205;100041;164.500000000;100;9523320952;S
20240205;100041;164.500000000;100;9523321077;S
20240205;100041;164.500000000;100;9523321114;S
20240205;100042;164.500000000;100;9523321192;S
20240205;100042;164.500000000;100;9523321201;S
20240205;100042;164.500000000;600;9523321202;S
20240205;100042;164.500000000;100;9523321250;S
20240205;100042;164.500000000;100;9523321251;S
20240205;100042;164.500000000;20;9523321267;S
20240205;100042;164.500000000;100;9523321280;S
20240205;100042;164.500000000;100;9523321304;S
20240205;100042;164.500000000;100;9523321325;S
20240205;100042;164.500000000;100;9523321353;S
20240205;100042;164.500000000;300;9523321364;S
20240205;100042;164.500000000;10;9523321366;S
20240205;100042;164.500000000;100;9523321371;S
20240205;100042;164.500000000;100;9523321393;S
20240205;100043;164.510000000;10;9523321504;B
20240205;100043;164.500000000;100;9523321544;S
20240205;100043;164.500000000;300;9523321547;S
20240205;100043;164.500000000;400;9523321548;S
20240205;100043;164.500000000;100;9523321556;S
20240205;100043;164.510000000;4880;9523321714;B
20240205;100043;164.510000000;200;9523321715;B
20240205;100043;164.580000000;960;9523321716;B
20240205;100043;164.500000000;2000;9523321793;S
20240205;100044;164.500000000;100;9523321831;S
20240205;100044;164.500000000;100;9523321884;S
20240205;100044;164.500000000;150;9523321908;S
20240205;100044;164.500000000;30;9523321943;S
20240205;100044;164.500000000;210;9523321962;S
20240205;100044;164.550000000;300;9523321976;B
20240205;100044;164.500000000;100;9523321987;S
20240205;100044;164.500000000;700;9523321988;S
20240205;100044;164.500000000;300;9523321989;S
20240205;100044;164.550000000;100;9523322202;B
20240205;100045;164.500000000;100;9523322328;S
20240205;100045;164.550000000;400;9523322408;B
20240205;100045;164.540000000;1100;9523322417;S
20240205;100045;164.540000000;200;9523322418;S
20240205;100045;164.540000000;100;9523322444;S
20240205;100045;164.540000000;100;9523322468;S
20240205;100046;164.540000000;100;9523322699;S
20240205;100046;164.540000000;100;9523322770;S
20240205;100046;164.540000000;100;9523322908;S
20240205;100046;164.550000000;20;9523322912;B
20240205;100047;164.540000000;250;9523323018;S
20240205;100047;164.540000000;890;9523323074;S
20240205;100047;164.540000000;90;9523323092;S
20240205;100047;164.550000000;60;9523323133;B
20240205;100048;164.540000000;2000;9523323351;S
20240205;100048;164.550000000;6850;9523323383;B
20240205;100048;164.550000000;200;9523323384;B
20240205;100048;164.590000000;2950;9523323385;B
20240205;100048;164.540000000;100;9523323395;S
20240205;100048;164.540000000;100;9523323396;S
20240205;100049;164.560000000;100;9523323536;S
20240205;100049;164.570000000;10;9523323546;B
20240205;100049;164.560000000;100;9523323641;S
20240205;100049;164.560000000;100;9523323672;S
20240205;100049;164.560000000;100;9523323717;S
20240205;100049;164.560000000;100;9523323722;S
20240205;100049;164.560000000;100;9523323821;S
20240205;100049;164.560000000;100;9523323864;S
20240205;100050;164.560000000;100;9523323909;S
20240205;100050;164.560000000;50;9523323910;S
20240205;100050;164.560000000;100;9523323911;S
20240205;100050;164.560000000;300;9523323970;S
20240205;100050;164.570000000;10;9523324048;B
20240205;100050;164.570000000;500;9523324066;B
20240205;100051;164.560000000;20;9523324181;S
20240205;100051;164.560000000;100;9523324203;S
20240205;100051;164.560000000;120;9523324251;S
20240205;100051;164.550000000;450;9523324252;S
20240205;100051;164.550000000;100;9523324261;S
20240205;100051;164.550000000;100;9523324274;S
20240205;100051;164.550000000;200;9523324276;S
20240205;100051;164.550000000;100;9523324305;S
20240205;100051;164.550000000;150;9523324398;S
20240205;100051;164.510000000;100;9523324399;S
20240205;100051;164.510000000;100;9523324403;S
20240205;100051;164.510000000;300;9523324405;S
20240205;100051;164.510000000;200;9523324406;S
20240205;100051;164.510000000;200;9523324407;S
20240205;100051;164.510000000;100;9523324412;S
20240205;100051;164.510000000;100;9523324466;S
20240205;100052;164.510000000;100;9523324648;S
20240205;100052;164.550000000;50;9523324649;B
20240205;100052;164.550000000;250;9523324650;B
20240205;100052;164.510000000;100;9523324721;S
20240205;100052;164.550000000;250;9523324797;B
20240205;100052;164.540000000;100;9523324862;S
20240205;100052;164.550000000;10;9523324895;B
20240205;100052;164.550000000;90;9523324897;B
20240205;100052;164.570000000;80;9523324898;B
20240205;100052;164.540000000;350;9523324906;S
20240205;100052;164.510000000;700;9523324907;S
20240205;100052;164.500000000;3490;9523324908;S
20240205;100052;164.500000000;10;9523324920;S
20240205;100053;164.500000000;1800;9523325070;S
20240205;100053;164.570000000;500;9523325084;B
20240205;100053;164.500000000;7000;9523325100;S
20240205;100053;164.500000000;100;9523325296;S
20240205;100053;164.500000000;100;9523325400;S
20240205;100053;164.500000000;100;9523325404;S
20240205;100054;164.560000000;60;9523325610;B
20240205;100054;164.560000000;100;9523325611;B
20240205;100054;164.560000000;100;9523325612;B
20240205;100054;164.570000000;1740;9523325613;B
20240205;100054;164.550000000;10;9523325639;S
20240205;100054;164.540000000;580;9523325650;B
20240205;100054;164.560000000;100;9523325651;B
20240205;100054;164.570000000;1590;9523325652;B
20240205;100054;164.580000000;180;9523325653;B
20240205;100054;164.500000000;100;9523325665;S
20240205;100054;164.500000000;100;9523325694;S
20240205;100054;164.500000000;6600;9523325695;S
20240205;100054;164.500000000;100;9523325709;S
20240205;100054;164.500000000;10000;9523325729;S
20240205;100054;164.530000000;10;9523325730;B
20240205;100054;164.500000000;100;9523325735;S
20240205;100054;164.500000000;100;9523325744;S
20240205;100055;164.500000000;100;9523325831;S
20240205;100055;164.500000000;100;9523325863;S
20240205;100055;164.500000000;100;9523325867;S
20240205;100055;164.520000000;100;9523326033;S
20240205;100055;164.520000000;100;9523326050;S
20240205;100055;164.520000000;30;9523326149;S
20240205;100056;164.500000000;3580;9523326257;S
20240205;100056;164.520000000;50;9523326330;B
20240205;100056;164.520000000;20;9523326356;B
20240205;100056;164.530000000;90;9523326357;B
20240205;100056;164.550000000;30;9523326384;S
20240205;100057;164.510000000;10;9523326756;S
20240205;100057;164.510000000;130;9523326812;S
20240205;100057;164.540000000;200;9523326835;S
20240205;100057;164.540000000;100;9523326842;S
20240205;100057;164.540000000;100;9523326862;S
20240205;100058;164.540000000;100;9523326915;S
20240205;100058;164.540000000;30;9523326977;S
20240205;100058;164.540000000;100;9523327016;S
20240205;100058;164.550000000;10;9523327037;B
20240205;100058;164.540000000;100;9523327048;S
20240205;100058;164.550000000;10;9523327081;B
20240205;100058;164.550000000;50;9523327083;B
20240205;100058;164.580000000;370;9523327084;B
20240205;100058;164.590000000;1400;9523327085;B
20240205;100058;164.540000000;100;9523327100;S
20240205;100058;164.540000000;100;9523327113;S
20240205;100058;164.540000000;100;9523327135;S
20240205;100059;164.540000000;400;9523327239;S
20240205;100059;164.540000000;100;9523327263;S
20240205;100059;164.540000000;50;9523327321;S
20240205;100059;164.550000000;10;9523327447;S
20240205;100059;164.540000000;430;9523327448;S
20240205;100059;164.520000000;50;9523327449;S
20240205;100059;164.510000000;7280;9523327450;S
20240205;100100;164.560000000;3750;9523327522;B
20240205;100100;164.570000000;60;9523327524;S
20240205;100100;164.570000000;140;9523327628;B
20240205;100100;164.570000000;280;9523327629;B
20240205;100100;164.570000000;70;9523327782;B
20240205;100100;164.570000000;60;9523327786;B
20240205;100100;164.510000000;2500;9523327800;S
20240205;100100;164.560000000;100;9523327923;S
20240205;100100;164.560000000;100;9523327930;S
20240205;100101;164.560000000;100;9523328013;S
20240205;100101;164.560000000;100;9523328052;S
20240205;100101;164.560000000;300;9523328069;S
20240205;100101;164.560000000;100;9523328071;S
20240205;100101;164.560000000;100;9523328090;S
20240205;100101;164.570000000;120;9523328099;B
20240205;100101;164.560000000;100;9523328102;S
20240205;100101;164.560000000;100;9523328115;S
20240205;100101;164.560000000;20;9523328124;S
20240205;100102;164.550000000;100;9523328389;S
20240205;100102;164.550000000;100;9523328408;S
20240205;100102;164.550000000;100;9523328419;S
20240205;100102;164.560000000;80;9523328436;B
20240205;100102;164.570000000;120;9523328437;B
20240205;100102;164.550000000;100;9523328439;S
20240205;100102;164.570000000;130;9523328441;B
20240205;100102;164.550000000;100;9523328455;S
20240205;100103;164.550000000;100;9523328523;S
20240205;100103;164.550000000;100;9523328528;S
20240205;100103;164.550000000;100;9523328548;S
20240205;100103;164.550000000;500;9523328591;S
20240205;100103;164.550000000;100;9523328636;S
20240205;100103;164.550000000;100;9523328647;S
20240205;100103;164.550000000;200;9523328653;S
20240205;100103;164.550000000;100;9523328690;S
20240205;100103;164.550000000;100;9523328701;S
20240205;100103;164.550000000;100;9523328702;S
20240205;100104;164.550000000;40;9523328750;S
20240205;100104;164.550000000;100;9523328751;S
20240205;100104;164.550000000;300;9523328752;S
20240205;100104;164.550000000;300;9523328753;S
20240205;100104;164.550000000;500;9523328754;S
20240205;100104;164.550000000;200;9523328755;S
20240205;100104;164.550000000;100;9523328768;S
20240205;100105;164.550000000;100;9523329123;S
20240205;100105;164.550000000;100;9523329131;S
20240205;100105;164.550000000;200;9523329172;S
20240205;100105;164.550000000;300;9523329227;S
20240205;100105;164.560000000;100;9523329274;B
20240205;100105;164.570000000;220;9523329323;B
20240205;100105;164.570000000;200;9523329324;B
20240205;100105;164.570000000;100;9523329325;B
20240205;100105;164.580000000;200;9523329326;B
20240205;100105;164.590000000;1280;9523329327;B
20240205;100106;164.550000000;100;9523329390;S
20240205;100107;164.560000000;100;9523329797;B
20240205;100107;164.580000000;340;9523329798;B
20240205;100107;164.550000000;100;9523329806;S
20240205;100107;164.550000000;100;9523329814;S
20240205;100108;164.550000000;100;9523330015;S
20240205;100108;164.580000000;10;9523330050;B
20240205;100108;164.550000000;300;9523330086;S
20240205;100108;164.570000000;10;9523330169;B
20240205;100109;164.570000000;90;9523330258;B
20240205;100109;164.580000000;840;9523330259;B
20240205;100109;164.590000000;1860;9523330260;B
20240205;100109;164.550000000;100;9523330326;S
20240205;100109;164.550000000;10;9523330346;S
20240205;100109;164.550000000;100;9523330382;S
20240205;100110;164.550000000;100;9523330465;S
20240205;100110;164.550000000;820;9523330556;S
20240205;100110;164.550000000;80;9523330557;S
20240205;100110;164.550000000;800;9523330564;S
20240205;100110;164.550000000;100;9523330602;S
20240205;100110;164.550000000;360;9523330687;S
20240205;100110;164.560000000;10;9523330778;B
20240205;100111;164.560000000;20;9523330842;B
20240205;100111;164.560000000;170;9523330845;B
20240205;100111;164.570000000;40;9523330846;B
20240205;100111;164.570000000;210;9523330847;B
20240205;100111;164.570000000;10;9523330856;B
20240205;100111;164.570000000;30;9523331015;B
20240205;100111;164.590000000;20;9523331016;B
20240205;100111;164.590000000;10;9523331225;B
20240205;100112;164.590000000;950;9523331389;B
20240205;100112;164.590000000;300;9523331390;B
20240205;100112;164.600000000;3750;9523331391;B
20240205;100112;164.550000000;300;9523331447;S
20240205;100113;164.550000000;100;9523331596;S
20240205;100114;164.590000000;70;9523332094;B
20240205;100114;164.600000000;350;9523332095;B
20240205;100115;164.550000000;10;9523332356;S
20240205;100115;164.590000000;80;9523332367;B
20240205;100116;164.590000000;20;9523332684;B
20240205;100116;164.600000000;3360;9523332685;B
20240205;100116;164.580000000;1350;9523332756;S
20240205;100116;164.570000000;100;9523332757;S
20240205;100116;164.560000000;5000;9523332758;S
20240205;100116;164.550000000;4330;9523332759;S
20240205;100116;164.550000000;100;9523332760;S
20240205;100116;164.550000000;9670;9523332761;S
20240205;100116;164.580000000;10;9523332862;B
20240205;100116;164.580000000;60;9523332975;B
20240205;100117;164.550000000;10;9523333228;S
20240205;100117;164.550000000;1000;9523333231;S
20240205;100117;164.580000000;50;9523333233;B
20240205;100119;164.580000000;20;9523333515;B
20240205;100119;164.550000000;2570;9523333729;S
20240205;100119;164.550000000;80;9523333730;S
20240205;100121;164.580000000;10;9523334100;B
20240205;100121;164.560000000;30;9523334379;B
20240205;100122;164.590000000;50;9523334476;S
20240205;100122;164.590000000;10;9523334518;S
20240205;100122;164.600000000;50;9523334759;B
20240205;100122;164.600000000;30;9523334760;B
20240205;100123;164.600000000;1000;9523334824;B
20240205;100124;164.590000000;10;9523335027;S
20240205;100124;164.550000000;70;9523335028;S
20240205;100124;164.560000000;100;9523335117;B
20240205;100124;164.600000000;50;9523335118;B
20240205;100125;164.550000000;130;9523335398;S
20240205;100126;164.560000000;10;9523335520;B
20240205;100126;164.560000000;240;9523335596;B
20240205;100128;164.550000000;6470;9523335962;S
20240205;100128;164.550000000;20;9523335963;S
20240205;100128;164.550000000;100;9523335964;S
20240205;100128;164.550000000;200;9523335965;S
20240205;100128;164.540000000;110;9523335966;S
20240205;100128;164.510000000;80;9523335967;S
20240205;100128;164.510000000;80;9523335968;S
20240205;100128;164.510000000;1000;9523335969;S
20240205;100128;164.510000000;1000;9523335970;S
20240205;100128;164.510000000;200;9523335971;S
20240205;100128;164.510000000;1400;9523335972;S
20240205;100128;164.510000000;100;9523335973;S
20240205;100128;164.500000000;30;9523335974;S
20240205;100128;164.500000000;30;9523335975;S
20240205;100128;164.500000000;10;9523335976;S
20240205;100128;164.500000000;20;9523335977;S
20240205;100128;164.500000000;10;9523335978;S
20240205;100128;164.500000000;10;9523335979;S
20240205;100128;164.500000000;610;9523335980;S
20240205;100128;164.500000000;2890;9523335981;S
20240205;100128;164.500000000;40;9523335982;S
20240205;100128;164.500000000;50;9523335983;S
20240205;100128;164.500000000;10;9523335984;S
20240205;100128;164.500000000;120;9523335985;S
20240205;100128;164.500000000;20;9523335986;S
20240205;100128;164.500000000;10;9523335987;S
20240205;100128;164.500000000;10;9523335988;S
20240205;100128;164.500000000;130;9523335989;S
20240205;100128;164.500000000;10;9523335990;S
20240205;100128;164.500000000;30;9523335991;S
20240205;100128;164.500000000;100;9523335992;S
20240205;100128;164.500000000;10;9523335993;S
20240205;100128;164.500000000;50;9523335994;S
20240205;100128;164.500000000;130;9523335995;S
20240205;100128;164.500000000;5000;9523335996;S
20240205;100128;164.500000000;500;9523335997;S
20240205;100128;164.500000000;10;9523335998;S
20240205;100128;164.500000000;10;9523335999;S
20240205;100129;164.460000000;10;9523336397;B
20240205;100129;164.460000000;10;9523336463;B
20240205;100129;164.460000000;130;9523336504;B
20240205;100129;164.460000000;200;9523336505;B
20240205;100129;164.460000000;300;9523336506;B
20240205;100129;164.460000000;260;9523336507;B
20240205;100129;164.450000000;10;9523336525;S
20240205;100129;164.450000000;60;9523336526;S
20240205;100129;164.460000000;640;9523336661;B
20240205;100129;164.460000000;350;9523336662;B
20240205;100129;164.500000000;10;9523336663;B
20240205;100130;164.500000000;20;9523336742;B
20240205;100130;164.490000000;70;9523336944;B
20240205;100132;164.450000000;440;9523337200;S
20240205;100132;164.450000000;10;9523337201;S
20240205;100132;164.450000000;1000;9523337202;S
20240205;100132;164.430000000;10;9523337203;S
20240205;100132;164.430000000;700;9523337204;S
20240205;100132;164.420000000;780;9523337205;S
20240205;100132;164.420000000;200;9523337206;S
20240205;100132;164.420000000;40;9523337207;S
20240205;100132;164.410000000;30;9523337208;S
20240205;100132;164.410000000;600;9523337209;S
20240205;100132;164.410000000;10;9523337210;S
20240205;100132;164.410000000;130;9523337211;S
20240205;100132;164.410000000;10;9523337212;S
20240205;100132;164.410000000;10;9523337213;S
20240205;100132;164.410000000;10;9523337214;S
20240205;100132;164.410000000;170;9523337215;S
20240205;100132;164.410000000;1000;9523337216;S
20240205;100132;164.410000000;90;9523337217;S
20240205;100132;164.490000000;130;9523337242;B
20240205;100132;164.490000000;870;9523337243;B
20240205;100132;164.490000000;280;9523337279;B
20240205;100132;164.410000000;110;9523337379;S
20240205;100132;164.410000000;10;9523337380;S
20240205;100132;164.410000000;10;9523337381;S
20240205;100132;164.410000000;50;9523337382;S
20240205;100132;164.450000000;30;9523337439;B
20240205;100135;164.440000000;10;9523338170;S
20240205;100135;164.410000000;1100;9523338171;S
20240205;100135;164.400000000;50;9523338172;S
20240205;100135;164.400000000;10;9523338173;S
20240205;100135;164.400000000;10;9523338174;S
20240205;100135;164.400000000;10;9523338175;S
20240205;100135;164.400000000;310;9523338176;S
20240205;100135;164.400000000;10;9523338177;S
20240205;100135;164.400000000;10;9523338178;S
20240205;100135;164.400000000;360;9523338179;S
20240205;100135;164.400000000;10;9523338180;S
20240205;100135;164.400000000;10;9523338181;S
20240205;100135;164.400000000;10;9523338182;S
20240205;100135;164.400000000;10;9523338183;S
20240205;100135;164.400000000;20;9523338184;S
20240205;100135;164.400000000;10;9523338185;S
20240205;100135;164.400000000;10;9523338186;S
20240205;100135;164.400000000;10;9523338187;S
20240205;100135;164.400000000;10;9523338188;S
20240205;100135;164.400000000;10;9523338189;S
20240205;100135;164.400000000;30;9523338190;S
20240205;100135;164.400000000;60;9523338191;S
20240205;100135;164.400000000;10;9523338192;S
20240205;100135;164.400000000;10;9523338193;S
20240205;100135;164.400000000;10;9523338194;S
20240205;100135;164.400000000;20;9523338195;S
20240205;100135;164.400000000;10;9523338196;S
20240205;100135;164.400000000;10;9523338197;S
20240205;100135;164.400000000;10;9523338198;S
20240205;100135;164.400000000;10;9523338199;S
20240205;100135;164.400000000;30;9523338200;S
20240205;100135;164.400000000;100;9523338201;S
20240205;100135;164.400000000;10;9523338202;S
20240205;100135;164.400000000;10;9523338203;S
20240205;100135;164.400000000;30;9523338204;S
20240205;100135;164.400000000;10;9523338205;S
20240205;100135;164.400000000;20;9523338206;S
20240205;100135;164.400000000;10;9523338207;S
20240205;100135;164.400000000;10;9523338208;S
20240205;100135;164.400000000;10;9523338209;S
20240205;100135;164.400000000;80;9523338210;S
20240205;100135;164.400000000;10;9523338211;S
20240205;100135;164.400000000;10;9523338212;S
20240205;100135;164.400000000;10;9523338213;S
20240205;100135;164.400000000;10;9523338214;S
20240205;100135;164.400000000;900;9523338215;S
20240205;100135;164.400000000;500;9523338216;S
20240205;100135;164.400000000;10;9523338217;S
20240205;100135;164.400000000;30;9523338218;S
20240205;100135;164.400000000;30;9523338219;S
20240205;100135;164.400000000;10;9523338220;S
20240205;100135;164.400000000;20;9523338221;S
20240205;100135;164.400000000;10;9523338222;S
20240205;100135;164.400000000;150;9523338223;S
20240205;100135;164.400000000;10;9523338224;S
20240205;100135;164.400000000;20;9523338225;S
20240205;100135;164.400000000;20;9523338226;S
20240205;100135;164.400000000;100;9523338227;S
20240205;100135;164.400000000;10;9523338228;S
20240205;100135;164.400000000;50;9523338229;S
20240205;100135;164.400000000;10;9523338230;S
20240205;100135;164.400000000;270;9523338231;S
20240205;100135;164.400000000;10;9523338232;S
20240205;100135;164.400000000;40;9523338233;S
20240205;100135;164.400000000;10;9523338234;S
20240205;100135;164.400000000;10;9523338235;S
20240205;100135;164.400000000;20;9523338236;S
20240205;100135;164.400000000;200;9523338237;S
20240205;100135;164.400000000;20;9523338238;S
20240205;100135;164.400000000;50;9523338239;S
20240205;100135;164.400000000;10;9523338240;S
20240205;100135;164.400000000;10;9523338241;S
20240205;100135;164.400000000;10;9523338242;S
20240205;100135;164.400000000;30;9523338243;S
20240205;100135;164.400000000;10;9523338244;S
20240205;100135;164.400000000;10;9523338245;S
20240205;100135;164.400000000;200;9523338246;S
20240205;100135;164.400000000;10;9523338247;S
20240205;100135;164.400000000;10;9523338248;S
20240205;100135;164.400000000;10;9523338249;S
20240205;100135;164.400000000;70;9523338250;S
20240205;100135;164.400000000;10;9523338251;S
20240205;100135;164.400000000;10;9523338252;S
20240205;100135;164.400000000;10;9523338253;S
20240205;100135;164.400000000;10;9523338254;S
20240205;100135;164.400000000;10;9523338255;S
20240205;100135;164.400000000;10;9523338256;S
20240205;100135;164.400000000;100;9523338257;S
20240205;100135;164.400000000;10;9523338258;S
20240205;100135;164.400000000;30;9523338259;S
20240205;100135;164.400000000;10;9523338260;S
20240205;100135;164.400000000;10;9523338261;S
20240205;100135;164.400000000;30;9523338262;S
20240205;100135;164.400000000;10;9523338263;S
20240205;100135;164.400000000;10;9523338264;S
20240205;100135;164.400000000;30;9523338265;S
20240205;100135;164.400000000;240;9523338266;S
20240205;100135;164.400000000;2660;9523338267;S
20240205;100135;164.400000000;300;9523338274;S
20240205;100136;164.450000000;240;9523338349;B
20240205;100136;164.450000000;10;9523338699;B
20240205;100136;164.400000000;10;9523338728;S
20240205;100136;164.400000000;100;9523338797;S
20240205;100136;164.400000000;80;9523338806;S
20240205;100136;164.400000000;320;9523338809;S
20240205;100136;164.400000000;40;9523338871;S
20240205;100136;164.450000000;10;9523338884;B
20240205;100136;164.400000000;300;9523338910;S
20240205;100138;164.450000000;10;9523339337;B
20240205;100138;164.450000000;40;9523339358;B
20240205;100139;164.410000000;10;9523339465;S
20240205;100139;164.400000000;1480;9523339466;S
20240205;100140;164.400000000;1550;9523339768;S
20240205;100140;164.440000000;50;9523339776;B
20240205;100140;164.440000000;100;9523339852;B
20240205;100141;164.440000000;40;9523339962;B
20240205;100141;164.440000000;10;9523339992;B
20240205;100141;164.440000000;10;9523340025;B
20240205;100141;164.400000000;3940;9523340044;S
20240205;100141;164.400000000;10;9523340045;S
20240205;100141;164.400000000;10;9523340046;S
20240205;100141;164.400000000;60;9523340047;S
20240205;100141;164.400000000;20;9523340048;S
20240205;100141;164.400000000;10;9523340049;S
20240205;100141;164.400000000;250;9523340050;S
20240205;100141;164.400000000;10;9523340051;S
20240205;100141;164.400000000;10;9523340052;S
20240205;100141;164.400000000;10;9523340053;S
20240205;100141;164.400000000;10;9523340054;S
20240205;100141;164.400000000;10;9523340055;S
20240205;100141;164.400000000;10;9523340056;S
20240205;100141;164.400000000;10;9523340057;S
20240205;100141;164.400000000;60;9523340058;S
20240205;100141;164.400000000;10;9523340059;S
20240205;100141;164.400000000;10;9523340060;S
20240205;100141;164.400000000;10;9523340061;S
20240205;100141;164.400000000;10;9523340062;S
20240205;100141;164.400000000;120;9523340063;S
20240205;100141;164.400000000;50;9523340064;S
20240205;100141;164.400000000;10;9523340065;S
20240205;100141;164.400000000;10;9523340066;S
20240205;100141;164.400000000;340;9523340067;S
20240205;100141;164.400000000;30;9523340068;S
20240205;100141;164.400000000;10;9523340069;S
20240205;100141;164.400000000;30;9523340070;S
20240205;100141;164.400000000;1000;9523340071;S
20240205;100141;164.400000000;250;9523340072;S
20240205;100141;164.400000000;10;9523340073;S
20240205;100141;164.400000000;10;9523340074;S
20240205;100141;164.400000000;2000;9523340075;S
20240205;100141;164.400000000;20;9523340076;S
20240205;100141;164.400000000;30;9523340077;S
20240205;100141;164.400000000;10;9523340078;S
20240205;100141;164.400000000;30;9523340079;S
20240205;100141;164.400000000;80;9523340080;S
20240205;100141;164.400000000;24000;9523340081;S
20240205;100141;164.400000000;210;9523340082;S
20240205;100141;164.400000000;10;9523340083;S
20240205;100141;164.400000000;10;9523340084;S
20240205;100141;164.400000000;60;9523340085;S
20240205;100141;164.400000000;60;9523340086;S
20240205;100141;164.400000000;10;9523340087;S
20240205;100141;164.400000000;30;9523340088;S
20240205;100141;164.400000000;60;9523340089;S
20240205;100141;164.400000000;10;9523340090;S
20240205;100141;164.400000000;10;9523340091;S
20240205;100141;164.400000000;20;9523340092;S
20240205;100141;164.400000000;10;9523340093;S
20240205;100141;164.400000000;10;9523340094;S
20240205;100141;164.400000000;20;9523340095;S
20240205;100141;164.400000000;20;9523340096;S
20240205;100141;164.400000000;10;9523340097;S
20240205;100141;164.400000000;20;9523340098;S
20240205;100141;164.400000000;180;9523340099;S
20240205;100141;164.400000000;10;9523340100;S
20240205;100141;164.400000000;2250;9523340101;S
20240205;100141;164.400000000;400;9523340102;S
20240205;100141;164.400000000;10;9523340103;S
20240205;100141;164.400000000;10;9523340104;S
20240205;100141;164.400000000;10;9523340105;S
20240205;100141;164.400000000;20;9523340106;S
20240205;100141;164.400000000;10;9523340107;S
20240205;100141;164.400000000;50;9523340108;S
20240205;100141;164.400000000;80;9523340109;S
20240205;100141;164.400000000;20;9523340110;S
20240205;100141;164.400000000;10;9523340111;S
20240205;100141;164.400000000;10;9523340112;S
20240205;100141;164.400000000;10;9523340113;S
20240205;100141;164.400000000;10;9523340114;S
20240205;100141;164.400000000;20;9523340115;S
20240205;100141;164.400000000;20;9523340116;S
20240205;100141;164.400000000;20;9523340117;S
20240205;100141;164.400000000;120;9523340118;S
20240205;100141;164.400000000;30;9523340119;S
20240205;100141;164.400000000;10;9523340120;S
20240205;100141;164.400000000;30;9523340121;S
20240205;100141;164.400000000;40;9523340122;S
20240205;100141;164.400000000;10;9523340123;S
20240205;100141;164.400000000;300;9523340124;S
20240205;100141;164.400000000;30;9523340125;S
20240205;100141;164.400000000;10;9523340126;S
20240205;100141;164.400000000;30;9523340127;S
20240205;100141;164.400000000;10;9523340128;S
20240205;100141;164.400000000;20;9523340129;S
20240205;100141;164.400000000;10;9523340130;S
20240205;100141;164.400000000;10;9523340131;S
20240205;100141;164.400000000;10;9523340132;S
20240205;100141;164.400000000;10;9523340133;S
20240205;100141;164.400000000;10;9523340134;S
20240205;100141;164.400000000;10;9523340135;S
20240205;100141;164.400000000;90;9523340136;S
20240205;100141;164.400000000;10;9523340137;S
20240205;100141;164.400000000;60;9523340138;S
20240205;100141;164.400000000;390;9523340139;S
20240205;100142;164.440000000;10;9523340283;B
20240205;100142;164.400000000;30;9523340401;S
20240205;100144;164.440000000;10;9523340824;B
20240205;100144;164.400000000;300;9523340840;S
20240205;100144;164.440000000;140;9523340909;B
20240205;100144;164.400000000;80;9523340994;S
20240205;100144;164.400000000;1000;9523340995;S
20240205;100144;164.400000000;10;9523340996;S
20240205;100144;164.400000000;50;9523340997;S
20240205;100144;164.400000000;40;9523340998;S
20240205;100144;164.400000000;490;9523340999;S
20240205;100144;164.400000000;500;9523341000;S
20240205;100144;164.400000000;100;9523341001;S
20240205;100144;164.400000000;40;9523341002;S
20240205;100144;164.400000000;20;9523341003;S
20240205;100144;164.400000000;130;9523341004;S
20240205;100144;164.400000000;100;9523341005;S
20240205;100144;164.400000000;100;9523341006;S
20240205;100144;164.400000000;2000;9523341007;S
20240205;100144;164.400000000;10;9523341008;S
20240205;100144;164.400000000;10;9523341009;S
20240205;100144;164.400000000;1000;9523341010;S
20240205;100144;164.400000000;30;9523341011;S
20240205;100144;164.400000000;200;9523341012;S
20240205;100144;164.400000000;1000;9523341013;S
20240205;100144;164.400000000;300;9523341014;S
20240205;100144;164.400000000;500;9523341015;S
20240205;100144;164.400000000;10;9523341016;S
20240205;100144;164.400000000;1000;9523341017;S
20240205;100144;164.400000000;500;9523341018;S
20240205;100144;164.400000000;100;9523341019;S
20240205;100144;164.400000000;10;9523341020;S
20240205;100144;164.400000000;1210;9523341021;S
20240205;100144;164.400000000;1000;9523341022;S
20240205;100144;164.400000000;70;9523341023;S
20240205;100144;164.400000000;10;9523341024;S
20240205;100144;164.400000000;250;9523341025;S
20240205;100144;164.400000000;10;9523341026;S
20240205;100144;164.400000000;290;9523341027;S
20240205;100144;164.400000000;10;9523341028;S
20240205;100144;164.400000000;10;9523341029;S
20240205;100144;164.400000000;100;9523341030;S
20240205;100144;164.400000000;20;9523341031;S
20240205;100144;164.400000000;100;9523341032;S
20240205;100144;164.400000000;10000;9523341033;S
20240205;100144;164.400000000;20;9523341052;B
20240205;100144;164.390000000;100;9523341054;S
20240205;100144;164.390000000;10;9523341055;S
20240205;100144;164.390000000;10;9523341056;S
20240205;100144;164.390000000;10;9523341057;S
20240205;100144;164.380000000;10;9523341058;S
20240205;100144;164.370000000;60;9523341059;S
20240205;100144;164.390000000;10;9523341074;B
20240205;100145;164.370000000;10;9523341149;S
20240205;100145;164.370000000;10;9523341150;S
20240205;100145;164.360000000;10;9523341151;S
20240205;100145;164.350000000;20;9523341152;S
20240205;100145;164.350000000;30;9523341175;S
20240205;100145;164.350000000;20;9523341176;S
20240205;100145;164.390000000;10;9523341217;B
20240205;100145;164.350000000;30;9523341220;S
20240205;100145;164.350000000;50;9523341221;S
20240205;100145;164.350000000;10;9523341222;S
20240205;100145;164.350000000;20;9523341223;S
20240205;100145;164.350000000;70;9523341224;S
20240205;100145;164.340000000;10;9523341225;S
20240205;100145;164.340000000;10;9523341226;S
20240205;100145;164.340000000;10;9523341227;S
20240205;100145;164.340000000;40;9523341231;S
20240205;100145;164.340000000;60;9523341232;S
20240205;100145;164.340000000;200;9523341233;S
20240205;100145;164.340000000;100;9523341234;S
20240205;100145;164.340000000;70;9523341241;S
20240205;100145;164.380000000;170;9523341244;B
20240205;100145;164.400000000;830;9523341245;B
20240205;100145;164.400000000;10;9523341246;B
20240205;100145;164.360000000;30;9523341279;S
20240205;100146;164.350000000;50;9523341348;B
20240205;100146;164.350000000;150;9523341466;B
20240205;100146;164.340000000;300;9523341636;S
20240205;100146;164.350000000;10;9523341710;B
20240205;100146;164.340000000;370;9523341719;S
20240205;100146;164.330000000;50;9523341720;S
20240205;100147;164.350000000;150;9523341838;B
20240205;100147;164.350000000;10;9523341880;B
20240205;100147;164.330000000;50;9523341979;S
20240205;100148;164.330000000;200;9523342092;S
20240205;100148;164.330000000;300;9523342093;S
20240205;100148;164.320000000;10;9523342246;S
20240205;100148;164.310000000;10;9523342247;S
20240205;100148;164.300000000;50;9523342248;S
20240205;100148;164.300000000;100;9523342249;S
20240205;100148;164.300000000;130;9523342250;S
20240205;100149;164.350000000;100;9523342429;B
20240205;100149;164.350000000;20;9523342430;B
20240205;100149;164.350000000;80;9523342431;B
20240205;100149;164.350000000;20;9523342432;B
20240205;100149;164.350000000;100;9523342433;B
20240205;100149;164.390000000;80;9523342458;S
20240205;100149;164.320000000;10;9523342459;S
20240205;100149;164.320000000;510;9523342460;S
20240205;100149;164.390000000;10;9523342464;B
20240205;100149;164.320000000;10;9523342465;S
20240205;100149;164.320000000;3000;9523342467;S
20240205;100149;164.320000000;1500;9523342479;S
20240205;100149;164.300000000;170;9523342586;S
20240205;100150;164.390000000;3650;9523342700;B
20240205;100150;164.390000000;2350;9523342701;B
20240205;100150;164.300000000;300;9523342729;S
20240205;100151;164.340000000;10;9523342879;S
20240205;100151;164.300000000;90;9523342880;S
20240205;100151;164.350000000;10;9523343005;S
20240205;100151;164.300000000;10;9523343006;S
20240205;100151;164.300000000;10;9523343007;S
20240205;100151;164.300000000;10;9523343008;S
20240205;100151;164.300000000;100;9523343009;S
20240205;100151;164.300000000;10;9523343010;S
20240205;100151;164.300000000;10;9523343011;S
20240205;100151;164.300000000;10;9523343012;S
20240205;100151;164.300000000;20;9523343013;S
20240205;100151;164.300000000;50;9523343014;S
20240205;100151;164.300000000;260;9523343015;S
20240205;100151;164.390000000;10;9523343025;B
20240205;100152;164.300000000;240;9523343135;S
20240205;100152;164.300000000;360;9523343136;S
20240205;100152;164.300000000;640;9523343176;S
20240205;100152;164.300000000;10;9523343177;S
20240205;100152;164.300000000;10;9523343178;S
20240205;100152;164.300000000;10;9523343179;S
20240205;100152;164.300000000;1570;9523343180;S
20240205;100152;164.300000000;10;9523343181;S
20240205;100152;164.300000000;10;9523343182;S
20240205;100152;164.300000000;10;9523343183;S
20240205;100152;164.300000000;10;9523343184;S
20240205;100152;164.300000000;50;9523343185;S
20240205;100152;164.300000000;10000;9523343186;S
20240205;100152;164.280000000;30;9523343187;S
20240205;100152;164.280000000;100;9523343188;S
20240205;100152;164.280000000;1000;9523343189;S
20240205;100152;164.280000000;90;9523343190;S
20240205;100152;164.280000000;200;9523343191;S
20240205;100152;164.270000000;2000;9523343192;S
20240205;100152;164.260000000;10;9523343193;S
20240205;100152;164.250000000;10;9523343194;S
20240205;100152;164.250000000;100;9523343195;S
20240205;100152;164.250000000;10;9523343196;S
20240205;100152;164.250000000;50;9523343197;S
20240205;100152;164.250000000;10;9523343198;S
20240205;100152;164.250000000;500;9523343199;S
20240205;100152;164.250000000;2360;9523343200;S
20240205;100152;164.240000000;50;9523343201;S
20240205;100152;164.240000000;100;9523343202;S
20240205;100152;164.240000000;620;9523343203;S
20240205;100152;164.240000000;110;9523343204;S
20240205;100152;164.320000000;150;9523343247;S
20240205;100152;164.280000000;150;9523343248;S
20240205;100152;164.280000000;150;9523343270;S
20240205;100152;164.240000000;850;9523343271;S
20240205;100152;164.340000000;50;9523343272;B
20240205;100153;164.240000000;650;9523343319;S
20240205;100153;164.240000000;770;9523343355;S
20240205;100153;164.230000000;3660;9523343356;S
20240205;100153;164.220000000;10000;9523343357;S
20240205;100153;164.210000000;650;9523343358;S
20240205;100153;164.210000000;10;9523343359;S
20240205;100153;164.210000000;10;9523343360;S
20240205;100153;164.210000000;20;9523343361;S
20240205;100153;164.210000000;150;9523343362;S
20240205;100153;164.210000000;10;9523343363;S
20240205;100153;164.210000000;30;9523343364;S
20240205;100153;164.210000000;10;9523343365;S
20240205;100153;164.210000000;2000;9523343366;S
20240205;100153;164.200000000;10;9523343367;S
20240205;100153;164.200000000;100;9523343368;S
20240205;100153;164.200000000;10;9523343369;S
20240205;100153;164.200000000;10000;9523343370;S
20240205;100153;164.200000000;50;9523343371;S
20240205;100153;164.200000000;400;9523343372;S
20240205;100153;164.200000000;10;9523343373;S
20240205;100153;164.200000000;500;9523343374;S
20240205;100153;164.200000000;50;9523343375;S
20240205;100153;164.200000000;400;9523343376;S
20240205;100153;164.200000000;20;9523343377;S
20240205;100153;164.200000000;20;9523343378;S
20240205;100153;164.200000000;70;9523343379;S
20240205;100153;164.200000000;30;9523343380;S
20240205;100153;164.200000000;6010;9523343381;S
20240205;100153;164.200000000;210;9523343383;S
20240205;100153;164.200000000;20780;9523343384;S
20240205;100153;164.200000000;10;9523343385;S
20240205;100153;164.200000000;50;9523343386;S
20240205;100153;164.200000000;10;9523343387;S
20240205;100153;164.180000000;10;9523343388;S
20240205;100153;164.170000000;2000;9523343389;S
20240205;100153;164.150000000;400;9523343390;S
20240205;100153;164.150000000;20;9523343391;S
20240205;100153;164.150000000;500;9523343392;S
20240205;100153;164.150000000;10;9523343393;S
20240205;100153;164.150000000;1500;9523343394;S
20240205;100153;164.150000000;2000;9523343395;S
20240205;100153;164.140000000;30;9523343396;S
20240205;100153;164.140000000;10;9523343397;S
20240205;100153;164.140000000;100;9523343398;S
20240205;100153;164.140000000;50;9523343399;S
20240205;100153;164.140000000;40;9523343400;S
20240205;100153;164.140000000;8000;9523343401;S
20240205;100153;164.130000000;100;9523343402;S
20240205;100153;164.130000000;30;9523343403;S
20240205;100153;164.130000000;350;9523343404;S
20240205;100153;164.120000000;200;9523343405;S
20240205;100153;164.120000000;20;9523343406;S
20240205;100153;164.110000000;10;9523343407;S
20240205;100153;164.110000000;10;9523343408;S
20240205;100153;164.100000000;10;9523343409;S
20240205;100153;164.100000000;100;9523343410;S
20240205;100153;164.100000000;10;9523343411;S
20240205;100153;164.100000000;250;9523343412;S
20240205;100153;164.100000000;10;9523343413;S
20240205;100153;164.100000000;3500;9523343414;S
20240205;100153;164.100000000;110;9523343415;S
20240205;100153;164.100000000;10;9523343416;S
20240205;100153;164.100000000;10;9523343417;S
20240205;100153;164.100000000;10;9523343418;S
20240205;100153;164.100000000;50;9523343419;S
20240205;100153;164.100000000;1000;9523343420;S
20240205;100153;164.100000000;10;9523343421;S
20240205;100153;164.100000000;10;9523343422;S
20240205;100153;164.100000000;60;9523343423;S
20240205;100153;164.100000000;60;9523343424;S
20240205;100153;164.100000000;2500;9523343425;S
20240205;100153;164.100000000;150;9523343426;S
20240205;100153;164.100000000;10;9523343427;S
20240205;100153;164.100000000;200;9523343428;S
20240205;100153;164.100000000;10;9523343429;S
20240205;100153;164.100000000;10;9523343430;S
20240205;100153;164.100000000;20;9523343431;S
20240205;100153;164.090000000;100;9523343432;S
20240205;100153;164.080000000;20;9523343433;S
20240205;100153;164.070000000;220;9523343434;S
20240205;100153;164.070000000;140;9523343435;S
20240205;100153;164.070000000;10;9523343436;S
20240205;100153;164.070000000;60;9523343437;S
20240205;100153;164.060000000;50;9523343438;S
20240205;100153;164.060000000;10;9523343439;S
20240205;100153;164.060000000;3500;9523343440;S
20240205;100153;164.050000000;10;9523343441;S
20240205;100153;164.050000000;10;9523343442;S
20240205;100153;164.050000000;40;9523343443;S
20240205;100153;164.050000000;100;9523343444;S
20240205;100153;164.050000000;10000;9523343445;S
20240205;100153;164.050000000;10;9523343446;S
20240205;100153;164.050000000;100;9523343447;S
20240205;100153;164.050000000;5000;9523343448;S
20240205;100153;164.050000000;10;9523343449;S
20240205;100153;164.050000000;10;9523343450;S
20240205;100153;164.050000000;10;9523343451;S
20240205;100153;164.050000000;10;9523343452;S
20240205;100153;164.040000000;100;9523343453;S
20240205;100153;164.040000000;10;9523343454;S
20240205;100153;164.040000000;3000;9523343455;S
20240205;100153;164.040000000;20;9523343456;S
20240205;100153;164.040000000;500;9523343457;S
20240205;100153;164.040000000;50;9523343458;S
20240205;100153;164.030000000;1000;9523343459;S
20240205;100153;164.030000000;500;9523343460;S
20240205;100153;164.030000000;50;9523343461;S
20240205;100153;164.030000000;20;9523343462;S
20240205;100153;164.030000000;500;9523343463;S
20240205;100153;164.020000000;10;9523343464;S
20240205;100153;164.020000000;100;9523343465;S
20240205;100153;164.020000000;20;9523343466;S
20240205;100153;164.020000000;10;9523343467;S
20240205;100153;164.020000000;10;9523343468;S
20240205;100153;164.020000000;10;9523343469;S
20240205;100153;164.020000000;100;9523343470;S
20240205;100153;164.020000000;50;9523343471;S
20240205;100153;164.020000000;1830;9523343472;S
20240205;100153;164.020000000;2000;9523343473;S
20240205;100153;164.010000000;1000;9523343474;S
20240205;100153;164.010000000;2000;9523343475;S
20240205;100153;164.010000000;30;9523343476;S
20240205;100153;164.010000000;10;9523343477;S
20240205;100153;164.010000000;10;9523343478;S
20240205;100153;164.010000000;200;9523343479;S
20240205;100153;164.010000000;10;9523343480;S
20240205;100153;164.010000000;400;9523343481;S
20240205;100153;164.010000000;200;9523343482;S
20240205;100153;164.010000000;10;9523343483;S
20240205;100153;164.010000000;10;9523343484;S
20240205;100153;164.010000000;10;9523343485;S
20240205;100153;164.010000000;6000;9523343486;S
20240205;100153;164.010000000;5000;9523343487;S
20240205;100153;164.010000000;70;9523343488;S
20240205;100153;164.000000000;100;9523343489;S
20240205;100153;164.000000000;500;9523343490;S
20240205;100153;164.000000000;20;9523343491;S
20240205;100153;164.000000000;10;9523343492;S
20240205;100153;164.000000000;20;9523343493;S
20240205;100153;164.000000000;20;9523343494;S
20240205;100153;164.000000000;40;9523343495;S
20240205;100153;164.000000000;10;9523343496;S
20240205;100153;164.000000000;300;9523343497;S
20240205;100153;164.000000000;10;9523343498;S
20240205;100153;164.000000000;230;9523343499;S
20240205;100153;164.000000000;10;9523343500;S
20240205;100153;164.000000000;10;9523343501;S
20240205;100153;164.000000000;10;9523343502;S
20240205;100153;164.000000000;10;9523343503;S
20240205;100153;164.000000000;100;9523343504;S
20240205;100153;164.000000000;20;9523343505;S
20240205;100153;164.000000000;60;9523343506;S
20240205;100153;164.000000000;100;9523343507;S
20240205;100153;164.000000000;10;9523343508;S
20240205;100153;164.000000000;10;9523343509;S
20240205;100153;164.000000000;10;9523343510;S
20240205;100153;164.000000000;200;9523343511;S
20240205;100153;164.000000000;10;9523343512;S
20240205;100153;164.000000000;10;9523343513;S
20240205;100153;164.000000000;40;9523343514;S
20240205;100153;164.000000000;10;9523343515;S
20240205;100153;164.000000000;10;9523343516;S
20240205;100153;164.000000000;200;9523343517;S
20240205;100153;164.000000000;50;9523343518;S
20240205;100153;164.000000000;10;9523343519;S
20240205;100153;164.000000000;100;9523343520;S
20240205;100153;164.000000000;10;9523343521;S
20240205;100153;164.000000000;10;9523343522;S
20240205;100153;164.000000000;50;9523343523;S
20240205;100153;164.000000000;10;9523343524;S
20240205;100153;164.000000000;10;9523343525;S
20240205;100153;164.000000000;60;9523343526;S
20240205;100153;164.000000000;200;9523343527;S
20240205;100153;164.000000000;30;9523343528;S
20240205;100153;164.000000000;100;9523343529;S
20240205;100153;164.000000000;10;9523343530;S
20240205;100153;164.000000000;50;9523343531;S
20240205;100153;164.000000000;10;9523343532;S
20240205;100153;164.000000000;20;9523343533;S
20240205;100153;164.000000000;100;9523343534;S
20240205;100153;164.000000000;30;9523343535;S
20240205;100153;164.000000000;10;9523343536;S
20240205;100153;164.000000000;2000;9523343537;S
20240205;100153;164.000000000;10;9523343538;S
20240205;100153;164.000000000;10;9523343539;S
20240205;100153;164.000000000;10;9523343540;S
20240205;100153;164.000000000;30;9523343541;S
20240205;100153;164.000000000;10;9523343542;S
20240205;100153;164.000000000;300;9523343543;S
20240205;100153;164.000000000;40;9523343544;S
20240205;100153;164.000000000;50;9523343545;S
20240205;100153;164.000000000;50;9523343546;S
20240205;100153;164.000000000;100;9523343547;S
20240205;100153;164.000000000;100;9523343548;S
20240205;100153;164.000000000;10;9523343549;S
20240205;100153;164.000000000;70;9523343550;S
20240205;100153;164.000000000;300;9523343551;S
20240205;100153;164.000000000;10;9523343552;S
20240205;100153;164.000000000;20;9523343553;S
20240205;100153;164.000000000;1000;9523343554;S
20240205;100153;164.000000000;100;9523343555;S
20240205;100153;164.000000000;10;9523343556;S
20240205;100153;164.000000000;90;9523343557;S
20240205;100153;164.000000000;80;9523343558;S
20240205;100153;164.000000000;10;9523343559;S
20240205;100153;164.000000000;10;9523343560;S
20240205;100153;164.000000000;20;9523343561;S
20240205;100153;164.000000000;20;9523343562;S
20240205;100153;164.000000000;50;9523343563;S
20240205;100153;164.000000000;100;9523343564;S
20240205;100153;164.000000000;3650;9523343565;S
20240205;100153;164.000000000;100;9523343566;S
20240205;100153;164.000000000;20;9523343567;S
20240205;100153;164.000000000;230;9523343568;S
20240205;100153;164.000000000;20;9523343569;S
20240205;100153;164.000000000;10;9523343570;S
20240205;100153;164.000000000;10;9523343571;S
20240205;100153;164.000000000;10;9523343572;S
20240205;100153;164.000000000;1000;9523343573;S
20240205;100153;164.000000000;10;9523343574;S
20240205;100153;164.000000000;50;9523343575;S
20240205;100153;164.000000000;10;9523343576;S
20240205;100153;164.000000000;10;9523343577;S
20240205;100153;164.000000000;30;9523343578;S
20240205;100153;164.000000000;20;9523343579;S
20240205;100153;164.000000000;400;9523343580;S
20240205;100153;164.000000000;10;9523343581;S
20240205;100153;164.000000000;20;9523343582;S
20240205;100153;164.000000000;100;9523343583;S
20240205;100153;164.000000000;100;9523343584;S
20240205;100153;164.000000000;40;9523343585;S
20240205;100153;164.000000000;100;9523343586;S
20240205;100153;164.000000000;10;9523343587;S
20240205;100153;164.000000000;20;9523343588;S
20240205;100153;164.000000000;500;9523343589;S
20240205;100153;164.000000000;200;9523343590;S
20240205;100153;164.000000000;60;9523343591;S
20240205;100153;164.000000000;2000;9523343592;S
20240205;100153;164.000000000;100;9523343593;S
20240205;100153;164.000000000;30;9523343594;S
20240205;100153;164.000000000;10;9523343595;S
20240205;100153;164.000000000;10;9523343596;S
20240205;100153;164.000000000;100;9523343597;S
20240205;100153;164.000000000;10;9523343598;S
20240205;100153;164.000000000;1000;9523343599;S
20240205;100153;164.000000000;30;9523343600;S
20240205;100153;164.000000000;1000;9523343601;S
20240205;100153;164.000000000;10;9523343602;S
20240205;100153;164.000000000;180;9523343603;S
20240205;100153;164.000000000;28000;9523343604;S
20240205;100153;164.000000000;10;9523343605;S
20240205;100153;164.000000000;10;9523343606;S
20240205;100153;164.000000000;100;9523343607;S
20240205;100153;164.000000000;170;9523343608;S
20240205;100153;164.000000000;20;9523343609;S
20240205;100153;164.000000000;20;9523343610;S
20240205;100153;164.000000000;10;9523343611;S
20240205;100153;164.000000000;300;9523343612;S
20240205;100153;164.000000000;10;9523343613;S
20240205;100153;164.000000000;100;9523343614;S
20240205;100153;164.000000000;3840;9523343615;S
20240205;100153;164.100000000;100;9523343616;S
20240205;100153;164.100000000;5000;9523343617;S
20240205;100153;164.100000000;2900;9523343618;S
20240205;100153;164.010000000;2000;9523343619;S
20240205;100153;164.010000000;3900;9523343620;S
20240205;100153;164.000000000;2260;9523343621;S
20240205;100153;164.000000000;900;9523343622;S
20240205;100153;164.000000000;10;9523343623;S
20240205;100153;163.990000000;150;9523343624;S
20240205;100153;163.990000000;10;9523343625;S
20240205;100153;163.990000000;10;9523343626;S
20240205;100153;163.990000000;50;9523343627;S
20240205;100153;163.990000000;60;9523343628;S
20240205;100153;163.990000000;250;9523343629;S
20240205;100153;163.990000000;120;9523343630;S
20240205;100153;163.980000000;20;9523343631;S
20240205;100153;163.980000000;1000;9523343632;S
20240205;100153;163.970000000;10;9523343633;S
20240205;100153;163.960000000;100;9523343634;S
20240205;100153;163.950000000;10;9523343635;S
20240205;100153;163.950000000;50;9523343636;S
20240205;100153;163.950000000;1500;9523343637;S
20240205;100153;163.950000000;10;9523343638;S
20240205;100153;163.940000000;1000;9523343639;S
20240205;100153;163.930000000;50;9523343640;S
20240205;100153;163.930000000;50;9523343641;S
20240205;100153;163.920000000;40;9523343642;S
20240205;100153;163.920000000;10;9523343643;S
20240205;100153;163.910000000;10;9523343644;S
20240205;100153;163.910000000;3000;9523343645;S
20240205;100153;163.910000000;1000;9523343646;S
20240205;100153;163.910000000;30;9523343647;S
20240205;100153;163.910000000;100;9523343648;S
20240205;100153;163.910000000;100;9523343649;S
20240205;100153;163.910000000;290;9523343650;S
20240205;100153;163.910000000;320;9523343651;S
20240205;100153;163.990000000;400;9523343652;B
20240205;100153;163.990000000;350;9523343653;B
20240205;100153;163.990000000;1000;9523343654;B
20240205;100153;163.990000000;120;9523343655;B
20240205;100153;164.000000000;350;9523343664;S
20240205;100153;164.070000000;100;9523343667;B
20240205;100153;164.070000000;500;9523343668;B
20240205;100153;164.070000000;100;9523343669;B
20240205;100153;163.980000000;100;9523343670;S
20240205;100153;163.950000000;1830;9523343671;S
20240205;100153;163.940000000;270;9523343672;S
20240205;100153;164.280000000;100;9523343673;B
20240205;100153;164.260000000;300;9523343674;S
20240205;100153;164.260000000;300;9523343675;S
20240205;100153;164.280000000;100;9523343676;B
20240205;100153;164.260000000;300;9523343677;S
20240205;100153;164.260000000;100;9523343678;B
20240205;100153;164.280000000;400;9523343679;B
20240205;100153;164.270000000;400;9523343687;S
20240205;100153;164.250000000;100;9523343688;S
20240205;100153;164.080000000;600;9523343689;S
20240205;100153;164.070000000;650;9523343690;S
20240205;100153;163.950000000;200;9523343741;S
20240205;100153;164.000000000;10;9523343786;S
20240205;100153;163.920000000;980;9523343787;S
20240205;100153;164.030000000;1000;9523343788;B
20240205;100153;164.000000000;80;9523343790;S
20240205;100153;164.120000000;10;9523343791;S
20240205;100153;164.120000000;60;9523343792;S
20240205;100153;164.000000000;20;9523343793;S
20240205;100153;164.000000000;1920;9523343794;S
20240205;100153;164.220000000;10;9523343795;B
20240205;100153;164.010000000;70;9523343796;S
20240205;100153;164.010000000;10;9523343797;S
20240205;100153;164.000000000;10;9523343835;S
20240205;100153;163.920000000;90;9523343836;S
20240205;100153;163.920000000;70;9523343837;S
20240205;100153;164.020000000;30;9523343841;S
20240205;100153;164.090000000;1450;9523343843;B
20240205;100153;164.020000000;90;9523343844;S
20240205;100153;164.000000000;10;9523343845;S
20240205;100153;164.000000000;50;9523343846;S
20240205;100153;163.920000000;70;9523343847;S
20240205;100153;164.010000000;10;9523343850;S
20240205;100153;163.920000000;20;9523343851;S
20240205;100153;163.920000000;210;9523343853;S
20240205;100153;163.920000000;1000;9523343855;S
20240205;100153;163.930000000;280;9523343856;S
20240205;100153;164.000000000;100;9523343860;B
20240205;100153;164.000000000;400;9523343861;B
20240205;100153;164.000000000;100;9523343864;B
20240205;100153;164.000000000;50;9523343868;B
20240205;100153;164.000000000;1700;9523343869;B
20240205;100153;164.100000000;10;9523343870;B
20240205;100153;164.050000000;150;9523343871;S
20240205;100153;164.250000000;200;9523343872;B
20240205;100153;164.250000000;700;9523343873;B
20240205;100153;164.250000000;300;9523343874;B
20240205;100153;164.240000000;100;9523343875;S
20240205;100153;164.240000000;500;9523343876;S
20240205;100153;164.060000000;80;9523343877;S
20240205;100153;164.050000000;20;9523343878;S
20240205;100153;164.280000000;20;9523343879;B
20240205;100153;164.280000000;700;9523343880;B
20240205;100153;164.280000000;100;9523343881;S
20240205;100153;164.340000000;200;9523343882;B
20240205;100153;164.340000000;90;9523343884;B
20240205;100153;164.340000000;300;9523343885;S
20240205;100153;164.280000000;300;9523343886;S
20240205;100153;164.350000000;10;9523343887;B
20240205;100153;164.340000000;100;9523343888;S
20240205;100153;164.280000000;50;9523343889;S
20240205;100153;164.280000000;30;9523343890;S
20240205;100153;164.210000000;20;9523343891;S
20240205;100153;164.070000000;100;9523343892;S
20240205;100153;164.120000000;90;9523343893;B
20240205;100153;164.120000000;100;9523343894;S
20240205;100153;164.120000000;100;9523343895;S
20240205;100153;164.230000000;50;9523343896;B
20240205;100153;164.340000000;10;9523344008;B
20240205;100153;164.340000000;10;9523344009;B
20240205;100153;164.140000000;100;9523344010;S
20240205;100153;164.120000000;1900;9523344011;S
20240205;100153;164.320000000;2000;9523344013;B
20240205;100153;164.090000000;50;9523344026;S
20240205;100153;164.090000000;50;9523344027;S
20240205;100153;164.200000000;3000;9523344029;B
20240205;100153;164.340000000;300;9523344031;B
20240205;100153;164.340000000;1000;9523344032;B
20240205;100153;164.380000000;700;9523344033;B
20240205;100153;164.140000000;10;9523344037;S
20240205;100153;164.140000000;40;9523344042;S
20240205;100153;164.110000000;200;9523344043;S
20240205;100153;164.110000000;500;9523344044;S
20240205;100153;164.200000000;10;9523344046;B
20240205;100153;164.330000000;800;9523344047;B
20240205;100153;164.300000000;10;9523344049;B
20240205;100153;164.250000000;100;9523344057;S
20240205;100153;164.360000000;200;9523344058;B
20240205;100153;164.370000000;50;9523344059;B
20240205;100153;164.370000000;70;9523344060;B
20240205;100153;164.250000000;80;9523344061;S
20240205;100153;164.250000000;270;9523344063;S
20240205;100153;164.250000000;50;9523344064;S
20240205;100153;164.200000000;10;9523344065;S
20240205;100153;164.140000000;140;9523344066;S
20240205;100153;164.110000000;30;9523344067;S
20240205;100153;164.100000000;20;9523344068;S
20240205;100153;164.080000000;10;9523344069;S
20240205;100153;164.080000000;10;9523344070;S
20240205;100153;164.050000000;30;9523344071;S
20240205;100153;164.050000000;1000;9523344072;S
20240205;100153;164.040000000;150;9523344073;S
20240205;100153;164.040000000;1000;9523344101;S
20240205;100153;164.040000000;380;9523344102;S
20240205;100153;164.100000000;10;9523344103;B
20240205;100153;164.040000000;200;9523344104;S
20240205;100153;164.100000000;70;9523344105;B
20240205;100153;164.100000000;30;9523344114;B
20240205;100153;164.100000000;4260;9523344115;B
20240205;100153;164.100000000;60;9523344118;B
20240205;100153;164.100000000;100;9523344120;B
20240205;100153;164.050000000;350;9523344121;S
20240205;100153;164.050000000;230;9523344123;S
20240205;100153;164.050000000;1250;9523344124;S
20240205;100153;164.040000000;990;9523344125;S
20240205;100153;164.100000000;200;9523344128;B
20240205;100153;164.100000000;210;9523344129;B
20240205;100153;164.050000000;1830;9523344132;S
20240205;100153;164.040000000;5210;9523344133;S
20240205;100153;164.100000000;10;9523344135;B
20240205;100153;164.100000000;200;9523344139;B
20240205;100153;164.050000000;1000;9523344140;S
20240205;100153;164.100000000;100;9523344141;B
20240205;100153;164.100000000;10;9523344144;B
20240205;100153;164.050000000;40;9523344146;S
20240205;100153;164.060000000;10;9523344147;S
20240205;100153;164.100000000;10;9523344150;B
20240205;100153;164.100000000;250;9523344151;B
20240205;100153;164.100000000;10;9523344169;B
20240205;100153;164.100000000;60;9523344170;B
20240205;100153;164.100000000;110;9523344174;B
20240205;100153;164.100000000;100;9523344184;B
20240205;100153;164.100000000;10;9523344185;B
20240205;100153;164.060000000;30;9523344186;S
20240205;100153;164.100000000;10;9523344220;B
20240205;100153;164.090000000;300;9523344227;S
20240205;100153;164.060000000;170;9523344228;S
20240205;100153;164.050000000;30;9523344229;S
20240205;100153;164.100000000;80;9523344247;B
20240205;100153;164.100000000;380;9523344248;B
20240205;100154;164.050000000;400;9523344336;S
20240205;100154;164.100000000;930;9523344337;B
20240205;100154;164.180000000;70;9523344338;B
20240205;100154;164.220000000;10;9523344363;B
20240205;100154;164.220000000;290;9523344424;B
20240205;100154;164.220000000;710;9523344425;B
20240205;100154;164.250000000;40;9523344478;B
20240205;100154;164.200000000;60;9523344543;S
20240205;100154;164.210000000;80;9523344589;B
20240205;100154;164.210000000;20;9523344593;B
20240205;100154;164.290000000;400;9523344594;B
20240205;100154;164.200000000;110;9523344610;S
20240205;100154;164.150000000;20;9523344611;S
20240205;100154;164.110000000;370;9523344612;S
20240205;100155;164.110000000;120;9523344668;S
20240205;100155;164.110000000;150;9523344686;S
20240205;100155;164.110000000;100;9523344690;S
20240205;100155;164.220000000;20;9523344727;B
20240205;100155;164.260000000;20;9523344789;B
20240205;100155;164.200000000;50;9523344859;S
20240205;100155;164.140000000;250;9523344860;S
20240205;100155;164.250000000;50;9523344943;B
20240205;100156;164.250000000;10;9523345064;B
20240205;100156;164.200000000;230;9523345295;S
20240205;100156;164.200000000;140;9523345296;S
20240205;100156;164.200000000;120;9523345297;S
20240205;100156;164.200000000;220;9523345298;S
20240205;100156;164.200000000;210;9523345308;S
20240205;100156;164.200000000;120;9523345309;S
20240205;100156;164.200000000;100;9523345310;S
20240205;100156;164.200000000;360;9523345311;S
20240205;100156;164.140000000;30;9523345312;S
20240205;100156;164.140000000;260;9523345313;S
20240205;100156;164.270000000;500;9523345314;B
20240205;100156;164.150000000;110;9523345315;S
20240205;100156;164.140000000;360;9523345316;S
20240205;100156;164.140000000;180;9523345317;S
20240205;100156;164.140000000;240;9523345318;S
20240205;100156;164.140000000;1830;9523345320;S
20240205;100156;164.130000000;1220;9523345321;S
20240205;100156;164.110000000;10;9523345322;S
20240205;100156;164.110000000;400;9523345323;S
20240205;100156;164.100000000;770;9523345324;S
20240205;100156;164.100000000;110;9523345325;S
20240205;100156;164.100000000;120;9523345327;S
20240205;100156;164.100000000;10;9523345328;S
20240205;100156;164.100000000;50;9523345329;S
20240205;100156;164.100000000;50;9523345330;S
20240205;100156;164.100000000;10;9523345331;S
20240205;100156;164.100000000;20;9523345333;S
20240205;100156;164.090000000;10;9523345334;S
20240205;100156;164.090000000;130;9523345335;S
20240205;100156;164.090000000;620;9523345336;S
20240205;100156;164.090000000;60;9523345339;S
20240205;100156;164.080000000;10;9523345340;S
20240205;100156;164.080000000;10;9523345341;S
20240205;100156;164.080000000;10;9523345342;S
20240205;100156;164.050000000;100;9523345343;S
