<DATE>;<TIME>;<LAST>;<VOL>;<ID>;<OPER>
20240328;095956;157.79;20;9967833203;B
20240328;095956;157.79;30;9967833204;S
20240328;095956;157.79;10;9967833205;S
20240328;095956;157.79;10;9967833206;S
20240328;095956;157.79;10;9967833207;S
20240328;095956;157.79;60;9967833208;S
20240328;095956;157.79;20;9967833209;S
20240328;095956;157.79;10;9967833210;S
20240328;095956;157.79;10;9967833211;S
20240328;095956;157.79;20;9967833212;S
20240328;095956;157.79;20;9967833213;S
20240328;095956;157.79;10;9967833214;S
20240328;095956;157.79;120;9967833215;B
20240328;095956;157.79;20;9967833216;B
20240328;095956;157.79;10;9967833217;B
20240328;095956;157.79;10;9967833218;B
20240328;095956;157.79;10;9967833219;B
20240328;095956;157.79;50;9967833220;B
20240328;095956;157.79;10;9967833221;B
20240328;095956;157.79;190;9967833222;B
20240328;095956;157.79;20;9967833223;B
20240328;095956;157.79;140;9967833224;B
20240328;095956;157.79;20;9967833225;B
20240328;095956;157.79;10;9967833226;B
20240328;095956;157.79;10;9967833227;B
20240328;095956;157.79;20;9967833228;B
20240328;095956;157.79;70;9967833229;B
20240328;095956;157.79;10;9967833230;B
20240328;095956;157.79;50;9967833231;B
20240328;095956;157.79;20;9967833232;B
20240328;095956;157.79;10;9967833233;B
20240328;095956;157.79;10;9967833234;B
20240328;095956;157.79;110;9967833235;B
20240328;095956;157.79;10;9967833236;B
20240328;095956;157.79;10;9967833237;B
20240328;095956;157.79;10;9967833238;B
20240328;095956;157.79;10;9967833239;B
20240328;095956;157.79;10;9967833240;B
20240328;095956;157.79;20;9967833241;B
20240328;095956;157.79;20;9967833242;B
20240328;095956;157.79;30;9967833243;B
20240328;095956;157.79;10;9967833244;B
20240328;095956;157.79;10;9967833245;B
20240328;095956;157.79;40;9967833246;B
20240328;095956;157.79;10;9967833247;B
20240328;095956;157.79;40;9967833248;B
20240328;095956;157.79;10;9967833249;B
20240328;095956;157.79;50;9967833250;B
20240328;095956;157.79;80;9967833251;B
20240328;095956;157.79;60;9967833252;B
20240328;095956;157.79;20;9967833253;B
20240328;095956;157.79;20;9967833254;B
20240328;095956;157.79;550;9967833255;B
20240328;095956;157.79;450;9967833256;S
20240328;095956;157.79;10;9967833257;S
20240328;095956;157.79;20;9967833258;B
20240328;095956;157.79;50;9967833259;S
20240328;095956;157.79;20;9967833260;B
20240328;095956;157.79;450;9967833261;B
20240328;095956;157.79;30;9967833262;B
20240328;095956;157.79;10;9967833263;B
20240328;095956;157.79;10;9967833264;B
20240328;095956;157.79;10;9967833265;B
20240328;095956;157.79;10;9967833266;B
20240328;095956;157.79;10;9967833267;B
20240328;095956;157.79;10;9967833268;B
20240328;095956;157.79;10;9967833269;B
20240328;095956;157.79;10;9967833270;B
20240328;095956;157.79;10;9967833271;B
20240328;095956;157.79;3500;9967833272;B
20240328;095956;157.79;920;9967833273;B
20240328;095956;157.79;10;9967833274;S
20240328;095956;157.79;30;9967833275;S
20240328;095956;157.79;100;9967833276;S
20240328;095956;157.79;10;9967833277;S
20240328;095956;157.79;60;9967833278;S
20240328;095956;157.79;40;9967833279;S
20240328;095956;157.79;10;9967833280;S
20240328;095956;157.79;10;9967833281;S
20240328;095956;157.79;10;9967833282;S
20240328;095956;157.79;200;9967833283;S
20240328;095956;157.79;10;9967833284;S
20240328;095956;157.79;20;9967833285;S
20240328;095956;157.79;10;9967833286;S
20240328;095956;157.79;30;9967833287;S
20240328;095956;157.79;10;9967833288;S
20240328;095956;157.79;80;9967833289;B
20240328;095956;157.79;100;9967833290;B
20240328;095956;157.79;450;9967833291;B
20240328;095956;157.79;10;9967833292;B
20240328;095956;157.79;20;9967833293;B
20240328;095956;157.79;10;9967833294;B
20240328;095956;157.79;30;9967833295;B
20240328;095956;157.79;10;9967833296;B
20240328;095956;157.79;300;9967833297;B
20240328;095956;157.79;40;9967833298;B
20240328;095956;157.79;10;9967833299;B
20240328;095956;157.79;20;9967833300;B
20240328;095956;157.79;40;9967833301;B
20240328;095956;157.79;10;9967833302;B
20240328;095956;157.79;70;9967833303;B
20240328;095956;157.79;20;9967833304;B
20240328;095956;157.79;10;9967833305;B
20240328;095956;157.79;10;9967833306;B
20240328;095956;157.79;30;9967833307;B
20240328;095956;157.79;10;9967833308;B
20240328;095956;157.79;10;9967833309;B
20240328;095956;157.79;10;9967833310;B
20240328;095956;157.79;340;9967833311;B
20240328;095956;157.79;60;9967833312;B
20240328;095956;157.79;10;9967833313;B
20240328;095956;157.79;70;9967833314;B
20240328;095956;157.79;10;9967833315;B
20240328;095956;157.79;10;9967833316;B
20240328;095956;157.79;1720;9967833317;B
20240328;095956;157.79;10;9967833318;B
20240328;095956;157.79;10;9967833319;B
20240328;095956;157.79;1850;9967833320;B
20240328;095956;157.79;10;9967833321;B
20240328;095956;157.79;10;9967833322;B
20240328;095956;157.79;10;9967833323;B
20240328;095956;157.79;10;9967833324;B
20240328;095956;157.79;180;9967833325;B
20240328;095956;157.79;10;9967833326;B
20240328;095956;157.79;10;9967833327;B
20240328;095956;157.79;10;9967833328;B
20240328;095956;157.79;10;9967833329;B
20240328;095956;157.79;30;9967833330;B
20240328;095956;157.79;10;9967833331;B
20240328;095956;157.79;500;9967833332;B
20240328;095956;157.79;90;9967833333;B
20240328;095956;157.79;100;9967833334;B
20240328;095956;157.79;980;9967833335;S
20240328;095956;157.79;50;9967833336;S
20240328;100001;157.79;300;9967834614;S
20240328;100002;157.79;80;9967835650;S
20240328;100004;157.79;10;9967837711;S
20240328;100004;157.79;10;9967837805;S
20240328;100004;157.79;1620;9967837891;S
20240328;100004;157.8;10;9967837892;B
20240328;100004;157.8;20;9967837893;B
20240328;100004;157.8;20;9967837894;B
20240328;100004;157.8;10;9967837896;B
20240328;100004;157.79;10;9967837897;S
20240328;100005;157.8;10;9967838270;B
20240328;100005;157.8;10;9967838312;B
20240328;100005;157.8;10;9967838314;B
20240328;100005;157.79;10;9967838315;S
20240328;100005;157.79;50;9967838460;S
20240328;100005;157.8;10;9967838932;B
20240328;100005;157.8;10;9967838933;B
20240328;100005;157.8;10;9967838943;B
20240328;100005;157.79;10;9967839297;S
20240328;100005;157.79;10;9967839335;S
20240328;100005;157.8;10;9967839339;B
20240328;100005;157.79;10;9967839386;S
20240328;100005;157.8;10;9967839389;B
20240328;100005;157.8;10;9967839397;B
20240328;100005;157.79;10;9967839402;S
20240328;100005;157.8;40;9967839407;B
20240328;100005;157.79;1500;9967839410;S
20240328;100005;157.79;10;9967839413;S
20240328;100005;157.8;30;9967839565;B
20240328;100005;157.8;10;9967839567;B
20240328;100005;157.79;20;9967839572;S
20240328;100006;157.8;10;9967840022;B
20240328;100006;157.8;10;9967840024;B
20240328;100006;157.8;10;9967840025;B
20240328;100006;157.8;10;9967840026;B
20240328;100006;157.8;100;9967840033;B
20240328;100006;157.79;930;9967840036;S
20240328;100006;157.8;10;9967840037;B
20240328;100006;157.79;10;9967840074;S
20240328;100006;157.79;10;9967840076;S
20240328;100006;157.79;100;9967840077;S
20240328;100006;157.8;10;9967840079;B
20240328;100006;157.79;10;9967840113;S
20240328;100006;157.8;10;9967840118;B
20240328;100006;157.8;10;9967840123;B
20240328;100006;157.8;10;9967840127;B
20240328;100006;157.8;10;9967840134;B
20240328;100006;157.8;10;9967840140;B
20240328;100006;157.8;70;9967840586;B
20240328;100006;157.79;10;9967840587;S
20240328;100006;157.79;80;9967840593;S
20240328;100006;157.79;10;9967840643;S
20240328;100006;157.8;10;9967841002;B
20240328;100006;157.8;20;9967841088;B
20240328;100006;157.79;10;9967841312;S
20240328;100007;157.79;20;9967841646;S
20240328;100007;157.8;30;9967841648;B
20240328;100007;157.79;10;9967841649;S
20240328;100007;157.8;10;9967841688;B
20240328;100007;157.8;10;9967841694;B
20240328;100007;157.79;10;9967841704;S
20240328;100007;157.8;10;9967841707;B
20240328;100007;157.79;10;9967841908;S
20240328;100007;157.8;10;9967841913;B
20240328;100007;157.8;10;9967842217;B
20240328;100007;157.8;10;9967842218;B
20240328;100007;157.8;10;9967842223;B
20240328;100007;157.79;100;9967842225;S
20240328;100008;157.8;30;9967842510;B
20240328;100008;157.8;10;9967843042;B
20240328;100008;157.8;10;9967843043;B
20240328;100008;157.8;10;9967843044;B
20240328;100008;157.8;10;9967843045;B
20240328;100009;157.8;40;9967843189;B
20240328;100009;157.8;70;9967843190;B
20240328;100010;157.79;280;9967843820;S
20240328;100010;157.79;150;9967843909;S
20240328;100010;157.8;80;9967844274;B
20240328;100010;157.8;40;9967844291;B
20240328;100011;157.8;80;9967844385;B
20240328;100011;157.79;50;9967844387;S
20240328;100014;157.79;2000;9967845418;S
20240328;100016;157.8;10;9967845979;B
20240328;100016;157.8;10;9967845980;B
20240328;100017;157.79;60;9967846137;S
20240328;100017;157.79;10;9967846138;S
20240328;100017;157.79;10;9967846139;S
20240328;100017;157.79;10;9967846140;S
20240328;100017;157.79;10;9967846141;S
20240328;100017;157.79;10;9967846142;S
20240328;100017;157.79;10;9967846143;S
20240328;100017;157.79;10;9967846144;S
20240328;100017;157.79;10;9967846145;S
20240328;100017;157.79;300;9967846146;S
20240328;100017;157.79;1060;9967846147;S
20240328;100017;157.79;10;9967846169;S
20240328;100017;157.79;20;9967846174;S
20240328;100017;157.79;100;9967846197;S
20240328;100018;157.8;10;9967846498;B
20240328;100019;157.79;30;9967846875;S
20240328;100019;157.77;70;9967846876;S
20240328;100019;157.77;20;9967846926;S
20240328;100020;157.76;10;9967847166;B
20240328;100021;157.77;10;9967847323;B
20240328;100021;157.75;70;9967847381;S
20240328;100022;157.77;10;9967847473;B
20240328;100022;157.77;1980;9967847499;B
20240328;100023;157.8;30;9967847664;B
20240328;100023;157.8;50;9967847666;B
20240328;100024;157.78;10;9967848487;S
20240328;100025;157.78;10;9967848736;S
20240328;100026;157.78;100;9967849003;S
20240328;100028;157.77;10;9967849421;S
20240328;100028;157.77;800;9967849505;S
20240328;100028;157.77;10;9967849742;S
20240328;100028;157.77;10;9967849770;S
20240328;100029;157.79;10;9967850141;B
20240328;100029;157.77;1000;9967850180;S
20240328;100029;157.78;10;9967850203;B
20240328;100029;157.78;10;9967850231;B
20240328;100030;157.77;30;9967850283;S
20240328;100030;157.78;10;9967850401;B
20240328;100030;157.78;20;9967850419;B
20240328;100031;157.77;170;9967850508;S
20240328;100031;157.78;60;9967850808;B
20240328;100032;157.77;10;9967850849;S
20240328;100032;157.77;30;9967851051;S
20240328;100032;157.77;240;9967851234;S
20240328;100032;157.78;40;9967851236;B
20240328;100033;157.77;10;9967851359;S
20240328;100033;157.78;10;9967851538;B
20240328;100034;157.77;100;9967851600;S
20240328;100035;157.78;80;9967851844;B
20240328;100036;157.77;600;9967852148;S
20240328;100036;157.76;120;9967852173;B
20240328;100036;157.77;70;9967852230;B
20240328;100038;157.77;10;9967852621;B
20240328;100039;157.77;1880;9967852925;B
20240328;100041;157.75;50;9967853484;S
20240328;100041;157.74;20;9967853485;S
20240328;100042;157.77;100;9967853674;B
20240328;100042;157.74;10;9967853856;S
20240328;100043;157.77;10;9967853871;B
20240328;100043;157.74;290;9967853917;S
20240328;100043;157.73;150;9967853918;S
20240328;100043;157.73;830;9967853919;S
20240328;100044;157.74;20;9967854346;S
20240328;100046;157.77;30;9967854921;B
20240328;100048;157.76;300;9967855195;S
20240328;100048;157.75;110;9967855196;S
20240328;100048;157.74;10;9967855341;S
20240328;100049;157.75;60;9967855646;B
20240328;100049;157.75;30;9967855676;B
20240328;100049;157.77;300;9967855677;B
20240328;100049;157.77;70;9967855678;B
20240328;100050;157.78;100;9967855874;B
20240328;100051;157.77;200;9967856279;S
20240328;100052;157.77;10;9967856532;S
20240328;100052;157.77;30;9967856597;S
20240328;100053;157.77;140;9967856758;B
20240328;100054;157.77;10;9967857010;B
20240328;100055;157.77;10;9967857330;B
20240328;100055;157.77;500;9967857338;B
20240328;100056;157.75;10;9967857548;S
20240328;100057;157.77;20;9967857708;B
20240328;100058;157.75;1980;9967857985;S
20240328;100058;157.75;20;9967857986;S
20240328;100058;157.77;10;9967858079;B
20240328;100059;157.77;10;9967858288;B
20240328;100059;157.77;10;9967858320;B
20240328;100100;157.75;20;9967858371;S
20240328;100100;157.77;50;9967858469;B
20240328;100100;157.75;70;9967858612;S
20240328;100100;157.75;20;9967858657;S
20240328;100100;157.74;10;9967858658;S
20240328;100100;157.74;50;9967858659;S
20240328;100100;157.73;920;9967858660;S
20240328;100104;157.73;1050;9967859891;S
20240328;100105;157.77;3210;9967859960;B
20240328;100105;157.78;1400;9967859961;B
20240328;100105;157.78;3000;9967859962;B
20240328;100105;157.78;300;9967859963;B
20240328;100105;157.79;2740;9967859964;B
20240328;100105;157.8;40;9967859965;B
20240328;100105;157.8;10;9967859966;B
20240328;100105;157.8;310;9967859967;B
20240328;100105;157.8;200;9967859968;B
20240328;100105;157.8;2500;9967859969;B
20240328;100105;157.81;200;9967859970;B
20240328;100105;157.81;10;9967859971;B
20240328;100105;157.83;1000;9967859972;B
20240328;100105;157.84;1000;9967859973;B
20240328;100105;157.84;500;9967859974;B
20240328;100105;157.85;1000;9967859975;B
20240328;100105;157.85;230;9967859976;B
20240328;100105;157.86;1000;9967859977;B
20240328;100105;157.86;230;9967859978;B
20240328;100105;157.87;250;9967859979;B
20240328;100105;157.87;10;9967859980;B
20240328;100105;157.87;230;9967859981;B
20240328;100105;157.87;1000;9967859982;B
20240328;100105;157.88;230;9967859983;B
20240328;100105;157.88;1000;9967859984;B
20240328;100105;157.89;100;9967859985;B
20240328;100105;157.89;230;9967859986;B
20240328;100105;157.89;1000;9967859987;B
20240328;100105;157.89;10;9967859988;B
20240328;100105;157.89;1910;9967859989;B
20240328;100105;157.9;10;9967859990;B
20240328;100105;157.9;500;9967859991;B
20240328;100105;157.9;1000;9967859992;B
20240328;100105;157.9;230;9967859993;B
20240328;100105;157.9;1000;9967859994;B
20240328;100105;157.91;10;9967859995;B
20240328;100105;157.91;230;9967859996;B
20240328;100105;157.91;1000;9967859997;B
20240328;100105;157.91;50;9967859998;B
20240328;100105;157.92;230;9967859999;B
20240328;100105;157.92;1000;9967860000;B
20240328;100105;157.93;100;9967860001;B
20240328;100105;157.93;230;9967860002;B
20240328;100105;157.93;1000;9967860003;B
20240328;100105;157.93;20;9967860004;B
20240328;100105;157.93;1990;9967860005;B
20240328;100105;157.94;130;9967860006;B
20240328;100105;157.94;10;9967860007;B
20240328;100105;157.94;10;9967860008;B
20240328;100105;157.94;10;9967860009;B
20240328;100105;157.94;20;9967860010;B
20240328;100105;157.94;10;9967860011;B
20240328;100105;157.94;10;9967860012;B
20240328;100105;157.94;10;9967860013;B
20240328;100105;157.94;10;9967860014;B
20240328;100105;157.94;10;9967860015;B
20240328;100105;157.94;20;9967860016;B
20240328;100105;157.94;1000;9967860017;B
20240328;100105;157.94;230;9967860018;B
20240328;100105;157.95;10;9967860019;B
20240328;100105;157.95;10;9967860020;B
20240328;100105;157.95;100;9967860021;B
20240328;100105;157.95;10;9967860022;B
20240328;100105;157.95;940;9967860023;B
20240328;100105;157.9;300;9967860048;B
20240328;100105;157.9;230;9967860049;B
20240328;100105;157.9;20;9967860050;S
20240328;100105;157.95;90;9967860220;B
20240328;100105;157.95;80;9967860224;B
20240328;100105;157.95;830;9967860260;B
20240328;100105;157.95;230;9967860261;B
20240328;100105;157.95;940;9967860262;B
20240328;100106;157.9;60;9967860305;S
20240328;100106;157.9;60;9967860306;S
20240328;100107;157.91;10;9967860764;B
20240328;100108;157.9;50;9967860841;S
20240328;100108;157.9;50;9967860920;S
20240328;100112;157.9;310;9967861968;S
20240328;100112;157.9;390;9967862011;B
20240328;100112;157.91;50;9967862012;B
20240328;100112;157.92;10;9967862013;B
20240328;100112;157.93;230;9967862014;B
20240328;100112;157.94;820;9967862015;B
20240328;100112;157.94;180;9967862016;B
20240328;100112;157.94;230;9967862017;B
20240328;100112;157.95;390;9967862018;B
20240328;100112;157.89;40;9967862071;S
20240328;100115;157.94;1000;9967862635;B
20240328;100115;157.94;230;9967862636;B
20240328;100115;157.94;270;9967862637;B
20240328;100115;157.94;30;9967862638;B
20240328;100115;157.94;770;9967862639;B
20240328;100115;157.94;230;9967862657;B
20240328;100115;157.94;230;9967862658;B
20240328;100115;157.94;10;9967862659;B
20240328;100117;157.94;10;9967862965;B
20240328;100118;157.88;630;9967863222;S
20240328;100120;157.9;400;9967863755;B
20240328;100120;157.9;300;9967863756;B
20240328;100120;157.94;500;9967863900;B
20240328;100120;157.91;30;9967863915;S
20240328;100122;157.88;20;9967864173;S
20240328;100123;157.94;10;9967864338;B
20240328;100124;157.94;490;9967864576;B
20240328;100124;157.94;140;9967864577;B
20240328;100125;157.88;30;9967864869;S
20240328;100125;157.88;30;9967864870;S
20240328;100125;157.86;1910;9967864871;S
20240328;100125;157.85;10;9967864872;S
20240328;100125;157.85;3020;9967864873;S
20240328;100126;157.82;10;9967865176;S
20240328;100130;157.83;170;9967866053;S
20240328;100130;157.83;130;9967866190;S
20240328;100131;157.83;120;9967866220;B
20240328;100131;157.92;300;9967866221;B
20240328;100131;157.92;1910;9967866222;B
20240328;100131;157.93;680;9967866223;B
20240328;100131;157.83;140;9967866239;S
20240328;100131;157.83;10;9967866357;S
20240328;100132;157.81;1000;9967866602;S
20240328;100132;157.81;10;9967866603;S
20240328;100132;157.81;300;9967866604;S
20240328;100132;157.81;690;9967866605;S
20240328;100137;157.89;10;9967867429;B
20240328;100141;157.89;20;9967868331;B
20240328;100141;157.88;20;9967868419;S
20240328;100141;157.88;80;9967868421;S
20240328;100141;157.85;1910;9967868422;S
20240328;100141;157.84;1790;9967868423;S
20240328;100141;157.83;300;9967868424;S
20240328;100141;157.83;4290;9967868425;S
20240328;100141;157.83;1360;9967868426;S
20240328;100141;157.82;50;9967868427;S
20240328;100141;157.82;220;9967868428;S
20240328;100142;157.89;10;9967868450;B
20240328;100143;157.89;30;9967868755;B
20240328;100145;157.83;50;9967869257;S
20240328;100145;157.83;50;9967869294;S
20240328;100146;157.83;20;9967869392;S
20240328;100147;157.82;40;9967869614;S
20240328;100149;157.85;20;9967869874;B
20240328;100150;157.85;980;9967870298;B
20240328;100150;157.87;300;9967870299;B
20240328;100150;157.89;20;9967870300;B
20240328;100150;157.89;100;9967870301;B
20240328;100152;157.9;320;9967870556;B
20240328;100153;157.89;1600;9967870784;S
20240328;100155;157.85;20;9967871137;B
20240328;100159;157.85;880;9967871708;B
20240328;100159;157.9;1680;9967871709;B
20240328;100159;157.9;300;9967871710;B
20240328;100159;157.91;80;9967871711;B
20240328;100159;157.92;10;9967871712;B
20240328;100159;157.93;320;9967871713;B
20240328;100159;157.93;950;9967871714;B
20240328;100159;157.93;100;9967871715;B
20240328;100159;157.94;90;9967871716;B
20240328;100159;157.94;590;9967871717;B
20240328;100200;157.9;50;9967871906;B
20240328;100201;157.89;10;9967872241;B
20240328;100203;157.84;300;9967872755;S
20240328;100203;157.83;320;9967872756;S
20240328;100205;157.85;70;9967873184;S
20240328;100205;157.85;300;9967873185;S
20240328;100205;157.84;10;9967873186;S
20240328;100206;157.84;830;9967873276;B
20240328;100209;157.83;10;9967873942;S
20240328;100209;157.83;140;9967873943;S
20240328;100209;157.83;250;9967873952;S
20240328;100209;157.83;200;9967874033;B
20240328;100209;157.84;2560;9967874034;B
20240328;100210;157.82;10;9967874330;S
20240328;100211;157.84;30;9967874563;B
20240328;100218;157.84;10;9967875818;B
20240328;100218;157.84;30;9967875901;B
20240328;100218;157.83;170;9967875948;S
20240328;100219;157.83;100;9967875985;S
20240328;100221;157.84;150;9967876499;B
20240328;100221;157.83;100;9967876545;S
20240328;100224;157.83;50;9967877026;S
20240328;100224;157.84;60;9967877033;B
20240328;100225;157.83;150;9967877236;S
20240328;100226;157.84;950;9967877248;B
20240328;100226;157.84;70;9967877249;B
20240328;100226;157.84;170;9967877250;B
20240328;100227;157.88;40;9967877611;B
20240328;100232;157.88;10;9967878539;S
20240328;100232;157.85;190;9967878540;S
20240328;100232;157.89;10;9967878613;B
20240328;100233;157.89;60;9967878707;B
20240328;100241;157.88;10;9967880294;B
20240328;100242;157.88;10;9967880462;B
20240328;100243;157.88;10;9967880725;B
20240328;100245;157.88;10;9967881116;B
20240328;100247;157.85;10;9967881388;S
20240328;100249;157.85;300;9967881785;S
20240328;100251;157.88;20;9967882184;B
20240328;100251;157.88;830;9967882283;B
20240328;100251;157.88;100;9967882304;B
20240328;100254;157.88;30;9967883230;B
20240328;100255;157.88;60;9967883768;S
20240328;100255;157.88;6000;9967883852;S
20240328;100256;157.88;10;9967883978;S
20240328;100303;157.88;60;9967885296;S
20240328;100307;157.89;20;9967885803;B
20240328;100307;157.88;1610;9967885912;S
20240328;100309;157.88;1100;9967886137;S
20240328;100309;157.89;10;9967886295;B
20240328;100310;157.89;60;9967886365;B
20240328;100310;157.88;80;9967886386;S
20240328;100310;157.89;30;9967886428;B
20240328;100314;157.88;50;9967886986;S
20240328;100314;157.88;120;9967886987;S
20240328;100318;157.89;10;9967887755;B
20240328;100320;157.88;300;9967888188;S
20240328;100321;157.89;10;9967888397;B
20240328;100321;157.88;50;9967888406;S
20240328;100321;157.88;100;9967888485;S
20240328;100322;157.88;50;9967888505;S
20240328;100323;157.89;130;9967888853;B
20240328;100324;157.89;10;9967889151;B
20240328;100325;157.88;1300;9967889277;S
20240328;100328;157.88;1080;9967890007;S
20240328;100328;157.88;280;9967890008;S
20240328;100329;157.87;10;9967890231;B
20240328;100330;157.88;640;9967890400;B
20240328;100330;157.88;1910;9967890401;B
20240328;100330;157.89;140;9967890402;B
20240328;100330;157.89;100;9967890403;B
20240328;100330;157.89;1000;9967890404;B
20240328;100330;157.89;20;9967890405;B
20240328;100330;157.89;10;9967890406;B
20240328;100330;157.89;50;9967890407;B
20240328;100330;157.89;250;9967890408;B
20240328;100330;157.89;10;9967890409;B
20240328;100330;157.89;50;9967890410;B
20240328;100330;157.89;180;9967890411;B
20240328;100332;157.85;10;9967890678;S
20240328;100332;157.85;250;9967890730;S
20240328;100332;157.85;1000;9967890872;S
20240328;100334;157.85;300;9967891222;S
20240328;100336;157.85;5750;9967891588;S
20240328;100336;157.85;100;9967891589;S
20240328;100336;157.84;20;9967891590;S
20240328;100336;157.84;1000;9967891591;S
20240328;100336;157.84;500;9967891592;S
20240328;100336;157.83;50;9967891593;S
20240328;100336;157.83;1000;9967891594;S
20240328;100336;157.83;10;9967891595;S
20240328;100336;157.83;730;9967891596;S
20240328;100336;157.83;500;9967891597;S
20240328;100336;157.83;100;9967891598;S
20240328;100336;157.83;100;9967891599;S
20240328;100336;157.83;300;9967891600;S
20240328;100336;157.82;730;9967891601;S
20240328;100336;157.82;30;9967891602;S
20240328;100336;157.82;14410;9967891603;S
20240328;100341;157.82;100;9967892511;S
20240328;100341;157.87;50;9967892580;B
20240328;100342;157.87;60;9967892744;B
20240328;100342;157.82;100;9967892767;S
20240328;100343;157.87;190;9967893084;B
20240328;100343;157.88;20;9967893085;B
20240328;100343;157.88;50;9967893086;B
20240328;100343;157.82;50;9967893093;S
20240328;100345;157.86;10;9967893363;B
20240328;100346;157.87;10;9967893558;B
20240328;100346;157.82;300;9967893596;S
20240328;100348;157.82;640;9967893898;S
20240328;100353;157.87;10;9967894791;B
20240328;100356;157.87;20;9967895150;B
20240328;100400;157.83;20;9967895752;S
20240328;100400;157.82;1980;9967895753;S
20240328;100404;157.82;110;9967896559;S
20240328;100406;157.86;80;9967896875;B
20240328;100406;157.86;300;9967896876;B
20240328;100406;157.86;10;9967896877;B
20240328;100406;157.86;610;9967896878;S
20240328;100408;157.86;10;9967897115;B
20240328;100408;157.82;620;9967897135;S
20240328;100409;157.86;10;9967897307;B
20240328;100411;157.86;10;9967897662;B
20240328;100412;157.82;310;9967898039;S
20240328;100423;157.82;50;9967900295;S
20240328;100426;157.86;40;9967900811;B
20240328;100429;157.84;20;9967901419;B
20240328;100429;157.84;500;9967901425;B
20240328;100432;157.83;60;9967901896;B
20240328;100433;157.83;10;9967902035;B
20240328;100433;157.82;20;9967902102;S
20240328;100436;157.83;10;9967902587;B
20240328;100440;157.82;100;9967903102;S
20240328;100443;157.82;1040;9967903665;S
20240328;100443;157.82;50;9967903666;S
20240328;100443;157.82;30;9967903667;S
20240328;100443;157.82;10;9967903668;S
20240328;100443;157.82;500;9967903669;S
20240328;100443;157.82;300;9967903670;S
20240328;100447;157.81;10;9967904358;S
20240328;100447;157.8;360;9967904359;S
20240328;100449;157.82;10;9967904572;B
20240328;100450;157.8;640;9967904807;S
20240328;100450;157.8;100;9967904808;S
20240328;100450;157.8;5000;9967904809;S
20240328;100450;157.8;200;9967904810;S
20240328;100450;157.8;10;9967904811;S
20240328;100450;157.8;10;9967904812;S
20240328;100450;157.79;1000;9967904813;S
20240328;100450;157.8;50;9967904879;B
20240328;100450;157.81;10;9967904893;B
20240328;100451;157.81;20;9967904957;B
20240328;100452;157.79;30;9967905289;S
20240328;100452;157.78;1000;9967905290;S
20240328;100452;157.78;1010;9967905291;S
20240328;100452;157.78;6840;9967905292;S
20240328;100452;157.79;100;9967905300;B
20240328;100453;157.79;200;9967905448;B
20240328;100454;157.79;40;9967905492;S
20240328;100454;157.8;300;9967905550;B
20240328;100454;157.8;250;9967905551;B
20240328;100454;157.81;220;9967905552;B
20240328;100500;157.77;70;9967906947;S
20240328;100504;157.79;10;9967907695;B
20240328;100508;157.79;20;9967908680;B
20240328;100508;157.79;20;9967908681;B
20240328;100508;157.79;10;9967908682;B
20240328;100508;157.8;40;9967908683;B
20240328;100508;157.8;220;9967908684;B
20240328;100508;157.8;250;9967908685;B
20240328;100508;157.8;1480;9967908686;B
20240328;100508;157.81;360;9967908687;B
20240328;100510;157.8;20;9967909109;B
20240328;100510;157.8;10;9967909110;B
20240328;100511;157.79;370;9967909375;B
20240328;100513;157.79;10;9967909806;B
20240328;100515;157.78;10;9967910409;B
20240328;100518;157.77;10;9967911053;S
20240328;100519;157.77;20;9967911260;S
20240328;100519;157.77;50;9967911261;S
20240328;100519;157.76;90;9967911262;S
20240328;100522;157.78;10;9967912000;B
20240328;100522;157.78;10;9967912108;B
20240328;100525;157.78;10;9967912678;B
20240328;100527;157.78;10;9967913249;B
20240328;100527;157.77;20;9967913251;S
20240328;100527;157.78;200;9967913271;B
20240328;100527;157.79;600;9967913272;B
20240328;100529;157.78;20;9967913541;B
20240328;100529;157.78;100;9967913551;B
20240328;100530;157.78;100;9967913759;B
20240328;100531;157.78;80;9967913916;B
20240328;100532;157.77;70;9967914126;S
20240328;100532;157.77;30;9967914127;S
20240328;100537;157.77;180;9967915048;B
20240328;100545;157.77;30;9967916356;B
20240328;100548;157.76;100;9967917117;S
20240328;100548;157.76;10;9967917118;S
20240328;100548;157.75;100;9967917119;S
20240328;100548;157.75;10;9967917120;S
20240328;100549;157.74;400;9967917177;S
20240328;100549;157.74;10;9967917236;S
20240328;100549;157.73;2030;9967917237;S
20240328;100549;157.73;10;9967917238;S
20240328;100549;157.73;50;9967917239;S
20240328;100549;157.72;90;9967917240;S
20240328;100549;157.72;1000;9967917241;S
20240328;100549;157.72;800;9967917242;S
20240328;100549;157.72;10;9967917243;S
20240328;100555;157.71;30;9967918283;S
20240328;100555;157.71;470;9967918284;S
20240328;100600;157.74;10;9967919341;B
20240328;100600;157.72;1110;9967919405;S
20240328;100600;157.7;20;9967919406;S
20240328;100600;157.7;10;9967919407;S
20240328;100602;157.74;1900;9967919644;B
20240328;100602;157.74;730;9967919645;B
20240328;100602;157.74;1000;9967919646;B
20240328;100602;157.75;10;9967919647;B
20240328;100602;157.75;5000;9967919648;B
20240328;100602;157.76;1000;9967919649;B
20240328;100602;157.76;20;9967919650;B
20240328;100602;157.76;350;9967919651;B
20240328;100602;157.76;500;9967919652;B
20240328;100602;157.76;500;9967919653;B
20240328;100602;157.77;2690;9967919654;B
20240328;100602;157.77;20;9967919655;B
20240328;100602;157.77;420;9967919656;B
20240328;100602;157.78;860;9967919657;B
20240328;100603;157.77;370;9967919866;B
20240328;100604;157.78;100;9967920086;B
20240328;100609;157.74;30;9967920979;S
20240328;100611;157.71;10;9967921293;S
20240328;100613;157.75;10;9967921620;B
20240328;100613;157.75;20;9967921751;B
20240328;100614;157.75;70;9967921816;B
20240328;100615;157.75;10;9967922012;B
20240328;100621;157.71;200;9967923082;S
20240328;100624;157.71;10;9967923516;S
20240328;100625;157.71;100;9967923710;S
20240328;100626;157.75;10;9967923927;B
20240328;100628;157.75;10;9967924199;B
20240328;100636;157.72;10;9967925687;S
20240328;100636;157.71;180;9967925688;S
20240328;100636;157.71;10;9967925689;S
20240328;100636;157.71;300;9967925690;S
20240328;100636;157.71;30;9967925736;S
20240328;100638;157.72;30;9967926057;B
20240328;100641;157.72;10;9967926532;B
20240328;100642;157.72;20;9967926626;B
20240328;100643;157.72;10;9967926824;B
20240328;100644;157.72;130;9967926935;B
20240328;100645;157.72;370;9967927375;S
20240328;100645;157.72;10;9967927376;S
20240328;100645;157.71;250;9967927377;S
20240328;100645;157.7;10;9967927378;S
20240328;100645;157.7;10;9967927379;S
20240328;100645;157.7;1000;9967927380;S
20240328;100645;157.7;50;9967927381;S
20240328;100645;157.7;300;9967927382;S
20240328;100645;157.7;10;9967927383;S
20240328;100645;157.7;10;9967927384;S
20240328;100645;157.7;10;9967927385;S
20240328;100645;157.7;1490;9967927386;S
20240328;100645;157.69;1000;9967927387;S
20240328;100645;157.69;800;9967927388;S
20240328;100645;157.69;2770;9967927389;S
20240328;100645;157.68;100;9967927390;S
20240328;100645;157.68;1000;9967927391;S
20240328;100645;157.68;8000;9967927392;S
20240328;100645;157.68;30;9967927393;S
20240328;100645;157.68;500;9967927394;S
20240328;100645;157.67;1000;9967927395;S
20240328;100645;157.67;10;9967927396;S
20240328;100645;157.67;800;9967927397;S
20240328;100645;157.66;1000;9967927398;S
20240328;100645;157.66;230;9967927399;S
20240328;100645;157.66;8000;9967927400;S
20240328;100645;157.65;10;9967927401;S
20240328;100645;157.65;100;9967927402;S
20240328;100645;157.65;50;9967927403;S
20240328;100645;157.65;150;9967927404;S
20240328;100645;157.65;100;9967927405;S
20240328;100645;157.65;200;9967927406;S
20240328;100645;157.65;230;9967927407;S
20240328;100645;157.65;1000;9967927408;S
20240328;100645;157.65;1990;9967927409;S
20240328;100645;157.64;10;9967927410;S
20240328;100645;157.64;10;9967927411;S
20240328;100645;157.64;230;9967927412;S
20240328;100645;157.64;1000;9967927413;S
20240328;100645;157.64;60;9967927414;S
20240328;100645;157.63;20;9967927415;S
20240328;100645;157.63;230;9967927416;S
20240328;100645;157.63;1000;9967927417;S
20240328;100645;157.63;700;9967927418;S
20240328;100645;157.62;10;9967927419;S
20240328;100645;157.62;50;9967927420;S
20240328;100645;157.62;230;9967927421;S
20240328;100645;157.62;1000;9967927422;S
20240328;100645;157.62;10;9967927423;S
20240328;100645;157.62;1910;9967927424;S
20240328;100645;157.61;10;9967927425;S
20240328;100645;157.61;230;9967927426;S
20240328;100645;157.61;1000;9967927427;S
20240328;100645;157.61;1850;9967927428;S
20240328;100645;157.61;2500;9967927429;S
20240328;100645;157.6;25000;9967927430;S
20240328;100645;157.6;1000;9967927431;S
20240328;100645;157.6;10;9967927432;S
20240328;100645;157.6;1000;9967927433;S
20240328;100645;157.6;8000;9967927434;S
20240328;100645;157.6;30;9967927435;S
20240328;100645;157.6;230;9967927436;S
20240328;100645;157.6;1000;9967927437;S
20240328;100645;157.59;230;9967927438;S
20240328;100645;157.59;1000;9967927439;S
20240328;100645;157.59;8000;9967927440;S
20240328;100645;157.59;8000;9967927441;S
20240328;100645;157.58;50;9967927442;S
20240328;100645;157.58;20;9967927443;S
20240328;100645;157.58;10;9967927444;S
20240328;100645;157.58;20;9967927445;S
20240328;100645;157.58;40;9967927446;S
20240328;100645;157.58;80;9967927447;S
20240328;100645;157.58;30;9967927448;S
20240328;100645;157.58;30;9967927449;S
20240328;100645;157.58;70;9967927450;S
20240328;100645;157.58;10;9967927451;S
20240328;100645;157.58;10;9967927452;S
20240328;100645;157.58;10;9967927453;S
20240328;100645;157.58;230;9967927454;S
20240328;100645;157.57;220;9967927455;S
20240328;100645;157.57;230;9967927456;S
20240328;100645;157.57;20;9967927457;S
20240328;100645;157.56;770;9967927458;S
20240328;100645;157.69;10;9967927470;B
20240328;100645;157.69;1000;9967927492;B
20240328;100646;157.62;10;9967927555;S
20240328;100648;157.64;10;9967927995;B
20240328;100649;157.63;10;9967928129;B
20240328;100650;157.63;10;9967928275;B
20240328;100652;157.63;30;9967928704;B
20240328;100653;157.63;1000;9967928870;B
20240328;100654;157.64;10;9967929164;B
20240328;100655;157.63;10;9967929343;S
20240328;100655;157.64;60;9967929535;B
20240328;100655;157.64;10;9967929836;B
20240328;100656;157.62;10;9967930012;S
20240328;100656;157.61;10;9967930014;S
20240328;100657;157.64;20;9967930106;B
20240328;100659;157.64;100;9967930478;B
20240328;100703;157.64;10;9967931269;B
20240328;100703;157.6;130;9967931308;S
20240328;100703;157.59;270;9967931309;S
20240328;100704;157.59;90;9967931418;S
20240328;100704;157.59;140;9967931463;S
20240328;100704;157.59;500;9967931464;S
20240328;100704;157.59;150;9967931465;S
20240328;100704;157.63;10;9967931492;B
20240328;100704;157.63;40;9967931493;B
20240328;100706;157.63;10;9967931968;B
20240328;100706;157.59;2000;9967931973;S
20240328;100708;157.6;30;9967932506;S
20240328;100712;157.62;10;9967933086;B
20240328;100713;157.62;40;9967933316;B
20240328;100715;157.62;630;9967933920;B
20240328;100721;157.62;90;9967934978;B
20240328;100722;157.62;10;9967935284;B
20240328;100722;157.62;990;9967935285;B
20240328;100723;157.6;20;9967935348;S
20240328;100724;157.62;10;9967935485;B
20240328;100724;157.6;950;9967935518;S
20240328;100724;157.6;1120;9967935519;S
20240328;100724;157.6;500;9967935520;S
20240328;100724;157.6;3320;9967935521;S
20240328;100724;157.6;10;9967935522;S
20240328;100724;157.59;2850;9967935523;S
20240328;100724;157.55;200;9967935524;S
20240328;100724;157.55;20;9967935525;S
20240328;100724;157.55;50;9967935526;S
20240328;100724;157.55;10;9967935527;S
20240328;100724;157.55;30;9967935528;S
20240328;100724;157.55;890;9967935529;S
20240328;100724;157.54;20;9967935530;S
20240328;100724;157.54;30;9967935531;S
20240328;100724;157.6;20;9967935570;B
20240328;100724;157.53;100;9967935592;S
20240328;100724;157.53;910;9967935593;S
20240328;100724;157.52;20;9967935594;S
20240328;100724;157.52;60;9967935595;S
20240328;100724;157.51;50;9967935596;S
20240328;100724;157.51;20;9967935597;S
20240328;100724;157.51;1000;9967935598;S
20240328;100724;157.51;840;9967935599;S
20240328;100727;157.59;30;9967935947;B
20240328;100731;157.59;10;9967936662;B
20240328;100731;157.59;50;9967936722;B
20240328;100734;157.52;60;9967937284;S
20240328;100734;157.51;90;9967937285;S
20240328;100737;157.59;100;9967937826;B
20240328;100737;157.59;20;9967937827;B
20240328;100741;157.59;10;9967938731;B
20240328;100743;157.59;10;9967939070;B
20240328;100743;157.59;10;9967939097;B
20240328;100744;157.59;10;9967939158;B
20240328;100744;157.59;350;9967939159;B
20240328;100744;157.59;640;9967939160;B
20240328;100746;157.53;100;9967939501;S
20240328;100748;157.58;10;9967940075;B
20240328;100748;157.58;10;9967940103;B
20240328;100752;157.58;980;9967940681;B
20240328;100752;157.58;20;9967940682;B
20240328;100752;157.58;980;9967940719;B
20240328;100752;157.58;800;9967940720;B
20240328;100752;157.58;10;9967940721;B
20240328;100752;157.59;800;9967940722;B
20240328;100752;157.6;1000;9967940723;B
20240328;100752;157.6;10;9967940724;B
20240328;100752;157.6;1400;9967940725;B
20240328;100752;157.6;50;9967940726;B
20240328;100752;157.61;1000;9967940727;B
20240328;100752;157.61;1950;9967940728;B
20240328;100752;157.55;310;9967940749;S
20240328;100755;157.54;40;9967941237;S
20240328;100802;157.56;20;9967942285;B
20240328;100802;157.56;10;9967942329;B
20240328;100803;157.54;10;9967942426;S
20240328;100803;157.56;300;9967942464;B
20240328;100806;157.56;10;9967942850;B
20240328;100809;157.56;20;9967943265;B
20240328;100810;157.56;10;9967943346;B
20240328;100810;157.54;100;9967943383;S
20240328;100811;157.56;10;9967943494;B
20240328;100811;157.56;110;9967943558;B
20240328;100818;157.55;1910;9967944753;S
20240328;100818;157.54;390;9967944754;S
20240328;100818;157.54;1040;9967944755;S
20240328;100818;157.54;10;9967944756;S
20240328;100818;157.53;200;9967944757;S
20240328;100818;157.53;10;9967944758;S
20240328;100818;157.53;2000;9967944759;S
20240328;100818;157.53;500;9967944760;S
20240328;100818;157.52;60;9967944761;S
20240328;100818;157.51;100;9967944762;S
20240328;100818;157.51;1140;9967944763;S
20240328;100818;157.51;1000;9967944764;S
20240328;100818;157.51;500;9967944765;S
20240328;100818;157.51;10;9967944766;S
20240328;100818;157.51;10;9967944767;S
20240328;100818;157.51;800;9967944768;S
20240328;100818;157.5;10;9967944769;S
20240328;100818;157.5;70;9967944770;S
20240328;100818;157.5;10;9967944771;S
20240328;100818;157.5;50;9967944772;S
20240328;100818;157.5;10;9967944773;S
20240328;100818;157.5;170;9967944774;S
20240328;100822;157.54;10;9967945310;S
20240328;100823;157.54;20;9967945400;S
20240328;100824;157.55;10;9967945634;B
20240328;100824;157.54;120;9967945666;S
20240328;100825;157.54;20;9967945745;B
20240328;100829;157.54;100;9967946493;B
20240328;100832;157.54;500;9967946950;B
20240328;100838;157.53;10;9967947739;S
20240328;100838;157.52;40;9967947740;S
20240328;100838;157.51;1000;9967947741;S
20240328;100838;157.51;1910;9967947742;S
20240328;100838;157.51;2910;9967947743;S
20240328;100838;157.5;830;9967947744;S
20240328;100838;157.5;20;9967947745;S
20240328;100838;157.5;10;9967947746;S
20240328;100838;157.5;20;9967947747;S
20240328;100838;157.5;10;9967947748;S
20240328;100838;157.5;30;9967947749;S
20240328;100838;157.5;10;9967947750;S
20240328;100838;157.5;1000;9967947751;S
20240328;100838;157.5;10;9967947752;S
20240328;100838;157.5;10;9967947753;S
20240328;100838;157.5;10;9967947754;S
20240328;100838;157.5;250;9967947755;S
20240328;100838;157.5;10;9967947756;S
20240328;100838;157.5;60;9967947757;S
20240328;100838;157.5;200;9967947758;S
20240328;100838;157.5;20;9967947759;S
20240328;100838;157.5;10;9967947760;S
20240328;100838;157.5;10;9967947761;S
20240328;100838;157.5;500;9967947762;S
20240328;100838;157.5;500;9967947763;S
20240328;100838;157.5;5000;9967947764;S
20240328;100838;157.5;20;9967947765;S
20240328;100838;157.5;10;9967947766;S
20240328;100838;157.5;1000;9967947767;S
20240328;100838;157.5;10;9967947768;S
20240328;100838;157.5;100;9967947769;S
20240328;100838;157.5;40;9967947786;B
20240328;100839;157.49;60;9967947898;S
20240328;100839;157.49;10;9967947899;S
20240328;100839;157.48;10;9967947900;S
20240328;100839;157.48;570;9967947901;S
20240328;100839;157.47;100;9967948000;S
20240328;100840;157.47;10;9967948202;S
20240328;100841;157.48;100;9967948363;B
20240328;100841;157.48;10;9967948379;B
20240328;100842;157.48;10;9967948459;B
20240328;100844;157.47;140;9967948669;S
20240328;100844;157.47;120;9967948670;S
20240328;100844;157.47;1000;9967948671;S
20240328;100844;157.46;1910;9967948672;S
20240328;100844;157.45;250;9967948673;S
20240328;100844;157.45;10;9967948674;S
20240328;100844;157.45;1000;9967948675;S
20240328;100844;157.45;40;9967948676;S
20240328;100844;157.44;230;9967948677;S
20240328;100844;157.44;1000;9967948678;S
20240328;100844;157.44;150;9967948679;S
20240328;100844;157.44;1990;9967948680;S
20240328;100844;157.43;10;9967948681;S
20240328;100844;157.43;230;9967948682;S
20240328;100844;157.43;1000;9967948683;S
20240328;100844;157.43;10;9967948684;S
20240328;100844;157.43;10;9967948685;S
20240328;100844;157.43;5900;9967948686;S
20240328;100844;157.46;50;9967948854;S
20240328;100846;157.48;10;9967949052;B
20240328;100846;157.48;70;9967949089;B
20240328;100848;157.48;600;9967949329;B
20240328;100850;157.49;500;9967949602;B
20240328;100853;157.48;1400;9967949921;S
20240328;100853;157.46;300;9967949922;S
20240328;100853;157.45;10;9967949923;S
20240328;100853;157.45;60;9967949924;S
20240328;100853;157.45;10;9967949925;S
20240328;100853;157.44;490;9967949926;S
20240328;100853;157.44;10;9967949927;S
20240328;100853;157.43;1000;9967949928;S
20240328;100853;157.43;1720;9967949929;S
20240328;100853;157.48;500;9967949947;B
20240328;100854;157.44;1000;9967950116;S
20240328;100854;157.43;230;9967950117;S
20240328;100854;157.43;150;9967950118;S
20240328;100854;157.43;1000;9967950119;S
20240328;100854;157.43;10;9967950120;S
20240328;100854;157.42;100;9967950121;S
20240328;100854;157.42;10;9967950122;S
20240328;100854;157.42;300;9967950123;S
20240328;100854;157.42;230;9967950124;S
20240328;100854;157.42;1000;9967950125;S
20240328;100854;157.42;20;9967950126;S
20240328;100854;157.41;20;9967950127;S
20240328;100854;157.41;230;9967950128;S
20240328;100854;157.41;20;9967950129;S
20240328;100854;157.41;1000;9967950130;S
20240328;100854;157.41;100;9967950131;S
20240328;100854;157.41;10;9967950132;S
20240328;100854;157.41;1950;9967950133;S
20240328;100854;157.41;520;9967950134;S
20240328;100854;157.41;270;9967950135;S
20240328;100854;157.42;600;9967950155;S
20240328;100856;157.42;100;9967950494;S
20240328;100856;157.41;80;9967950495;S
20240328;100857;157.41;10;9967950538;S
20240328;100857;157.44;300;9967950545;B
20240328;100857;157.45;20;9967950546;B
20240328;100857;157.44;20;9967950573;B
20240328;100904;157.44;10;9967951487;B
20240328;100906;157.44;20;9967951779;B
20240328;100909;157.44;50;9967952139;B
20240328;100910;157.44;10;9967952312;B
20240328;100910;157.44;120;9967952324;B
20240328;100910;157.43;200;9967952333;S
20240328;100911;157.44;10;9967952421;B
20240328;100913;157.43;20;9967952648;S
20240328;100915;157.43;130;9967952960;S
20240328;100916;157.44;60;9967953082;B
20240328;100917;157.44;10;9967953201;B
20240328;100919;157.44;320;9967953660;B
20240328;100919;157.45;1000;9967953676;S
20240328;100919;157.44;680;9967953677;S
20240328;100919;157.44;500;9967953678;S
20240328;100920;157.43;650;9967953720;S
20240328;100920;157.43;500;9967953721;S
20240328;100920;157.42;10;9967953722;S
20240328;100920;157.42;500;9967953723;S
20240328;100920;157.42;60;9967953724;S
20240328;100920;157.42;10;9967953725;S
20240328;100920;157.42;30;9967953726;S
20240328;100920;157.42;800;9967953727;S
20240328;100920;157.42;230;9967953728;S
20240328;100920;157.42;300;9967953729;S
20240328;100920;157.41;2350;9967953730;S
20240328;100920;157.41;10;9967953731;S
20240328;100920;157.41;230;9967953732;S
20240328;100920;157.41;230;9967953733;S
20240328;100920;157.4;10;9967953734;S
20240328;100920;157.4;10;9967953735;S
20240328;100920;157.4;10;9967953736;S
20240328;100920;157.4;20;9967953737;S
20240328;100920;157.4;1000;9967953738;S
20240328;100920;157.4;1390;9967953739;S
20240328;100920;157.4;230;9967953740;S
20240328;100920;157.4;260;9967953741;S
20240328;100920;157.4;10;9967953742;S
20240328;100920;157.4;20;9967953743;S
20240328;100920;157.4;3030;9967953744;S
20240328;100920;157.41;40;9967953779;S
20240328;100921;157.41;960;9967954023;S
20240328;100921;157.41;1000;9967954024;S
20240328;100921;157.41;500;9967954025;S
20240328;100921;157.41;230;9967954026;S
20240328;100921;157.4;1210;9967954027;S
20240328;100922;157.41;150;9967954189;S
20240328;100923;157.43;50;9967954235;B
20240328;100923;157.43;250;9967954236;B
20240328;100924;157.42;200;9967954425;S
20240328;100927;157.43;150;9967954782;B
20240328;100929;157.42;140;9967955134;S
20240328;100931;157.42;10;9967955366;S
20240328;100931;157.42;10;9967955381;S
20240328;100932;157.42;60;9967955506;S
20240328;100934;157.43;150;9967955792;B
20240328;100935;157.43;100;9967955913;B
20240328;100935;157.42;580;9967955927;S
20240328;100935;157.42;50;9967955928;S
20240328;100935;157.41;350;9967955929;S
20240328;100935;157.41;830;9967955930;S
20240328;100937;157.43;10;9967956175;B
20240328;100942;157.42;40;9967956935;S
20240328;100943;157.42;10;9967956985;S
20240328;100944;157.43;10;9967957320;B
20240328;100946;157.43;10;9967957541;B
20240328;100947;157.43;30;9967957726;B
20240328;100950;157.43;2000;9967958125;B
20240328;100950;157.42;500;9967958160;S
20240328;100951;157.42;10;9967958222;S
20240328;100952;157.43;300;9967958431;B
20240328;100953;157.43;20;9967958564;B
20240328;100954;157.42;70;9967958867;S
20240328;100954;157.42;330;9967958868;S
20240328;100954;157.41;70;9967958869;S
20240328;100955;157.43;10;9967959032;B
20240328;100956;157.43;100;9967959037;B
20240328;100957;157.42;20;9967959294;S
20240328;101001;157.42;10;9967959925;S
20240328;101001;157.42;50;9967959926;S
20240328;101001;157.42;100;9967959927;S
20240328;101002;157.42;150;9967960017;S
20240328;101002;157.42;1910;9967960018;S
20240328;101002;157.42;1000;9967960019;S
20240328;101003;157.42;10;9967960084;B
20240328;101003;157.42;10;9967960153;B
20240328;101005;157.42;140;9967960505;B
20240328;101005;157.42;20;9967960593;B
20240328;101006;157.42;100;9967960871;B
20240328;101006;157.42;100;9967960919;B
20240328;101007;157.41;20;9967960982;S
20240328;101014;157.42;180;9967961950;B
20240328;101015;157.42;50;9967962101;B
20240328;101016;157.41;80;9967962238;S
20240328;101016;157.41;50;9967962239;S
20240328;101016;157.41;50;9967962240;S
20240328;101016;157.41;120;9967962241;S
20240328;101017;157.41;70;9967962446;S
20240328;101018;157.42;100;9967962588;B
20240328;101018;157.42;200;9967962612;B
20240328;101021;157.41;110;9967963210;S
20240328;101021;157.41;520;9967963211;S
20240328;101024;157.42;10;9967963609;B
20240328;101027;157.42;20;9967963928;B
20240328;101030;157.42;100;9967964483;B
20240328;101031;157.42;180;9967964543;B
20240328;101033;157.42;10;9967964900;B
20240328;101033;157.42;50;9967964919;B
20240328;101033;157.42;30;9967964920;B
20240328;101033;157.42;120;9967964921;B
20240328;101034;157.41;60;9967964970;S
20240328;101034;157.42;30;9967965020;B
20240328;101036;157.42;10;9967965296;B
20240328;101037;157.42;300;9967965319;B
20240328;101038;157.41;420;9967965492;S
20240328;101038;157.41;10;9967965493;S
20240328;101038;157.41;50;9967965494;S
20240328;101038;157.41;10;9967965495;S
20240328;101038;157.41;10;9967965496;S
20240328;101038;157.41;1280;9967965497;S
20240328;101038;157.41;220;9967965498;S
20240328;101039;157.41;4840;9967965632;S
20240328;101039;157.41;10;9967965633;S
20240328;101039;157.4;150;9967965634;S
20240328;101040;157.42;10;9967965911;B
20240328;101040;157.42;50;9967965949;B
20240328;101040;157.42;10;9967966000;B
20240328;101041;157.42;260;9967966098;B
20240328;101041;157.42;10;9967966099;B
20240328;101041;157.42;730;9967966100;B
20240328;101045;157.43;440;9967966941;B
20240328;101051;157.43;400;9967968108;B
20240328;101052;157.43;10;9967968338;B
20240328;101054;157.43;100;9967968624;B
20240328;101056;157.42;100;9967968991;S
20240328;101056;157.42;10;9967968992;S
20240328;101056;157.42;30;9967968993;S
20240328;101056;157.42;10;9967968994;S
20240328;101056;157.41;100;9967968995;S
20240328;101056;157.41;10;9967968996;S
20240328;101056;157.41;10;9967968997;S
20240328;101056;157.41;10;9967968998;S
20240328;101056;157.41;10;9967968999;S
20240328;101056;157.41;10;9967969000;S
20240328;101057;157.41;40;9967969139;B
20240328;101059;157.41;50;9967969429;B
20240328;101102;157.4;150;9967969794;S
20240328;101103;157.4;460;9967969970;S
20240328;101103;157.4;100;9967969971;S
20240328;101103;157.4;20;9967969972;S
20240328;101103;157.4;50;9967969973;S
20240328;101103;157.4;50;9967969974;S
20240328;101103;157.4;1830;9967969975;S
20240328;101103;157.4;330;9967969997;S
20240328;101106;157.41;100;9967970498;B
20240328;101106;157.41;10;9967970632;B
20240328;101107;157.41;10;9967970819;B
20240328;101107;157.41;10;9967970859;B
20240328;101107;157.41;30;9967970926;B
20240328;101108;157.4;1000;9967971069;S
20240328;101109;157.41;10;9967971140;B
20240328;101112;157.41;50;9967971518;B
20240328;101112;157.41;1000;9967971558;B
20240328;101114;157.41;10;9967971861;B
20240328;101114;157.41;610;9967971880;B
20240328;101114;157.41;300;9967971881;B
20240328;101114;157.41;1000;9967971882;B
20240328;101114;157.43;1390;9967971883;B
20240328;101114;157.43;70;9967971884;B
20240328;101114;157.43;20;9967971885;B
20240328;101114;157.43;50;9967971886;B
20240328;101114;157.43;1000;9967971887;B
20240328;101114;157.44;10;9967971888;B
20240328;101114;157.44;200;9967971889;B
20240328;101114;157.44;500;9967971890;B
20240328;101114;157.44;430;9967971891;B
20240328;101114;157.44;1000;9967971892;B
20240328;101114;157.45;1000;9967971893;B
20240328;101114;157.46;250;9967971894;B
20240328;101114;157.46;1910;9967971895;B
20240328;101114;157.46;1000;9967971896;B
20240328;101114;157.46;1640;9967971897;B
20240328;101114;157.47;800;9967971898;B
20240328;101114;157.47;1000;9967971899;B
20240328;101114;157.47;820;9967971900;B
20240328;101114;157.43;70;9967971960;B
20240328;101115;157.43;60;9967972088;B
20240328;101119;157.42;500;9967972973;S
20240328;101119;157.41;190;9967972974;S
20240328;101119;157.4;10;9967972975;S
20240328;101120;157.41;50;9967973033;B
20240328;101121;157.41;10;9967973300;B
20240328;101122;157.41;50;9967973454;B
20240328;101122;157.4;150;9967973479;S
20240328;101122;157.41;10;9967973499;B
20240328;101124;157.41;10;9967973654;B
20240328;101127;157.41;30;9967974293;B
20240328;101127;157.41;100;9967974329;B
20240328;101128;157.41;500;9967974506;B
20240328;101130;157.4;50;9967974778;S
20240328;101135;157.41;100;9967975497;B
20240328;101135;157.41;140;9967975509;B
20240328;101136;157.43;30;9967975601;B
20240328;101136;157.41;860;9967975610;S
20240328;101136;157.41;500;9967975611;S
20240328;101136;157.41;220;9967975612;S
20240328;101136;157.4;1630;9967975613;S
20240328;101136;157.4;30;9967975614;S
20240328;101136;157.4;100;9967975615;S
20240328;101136;157.4;100;9967975616;S
20240328;101136;157.4;400;9967975617;S
20240328;101136;157.4;600;9967975618;S
20240328;101136;157.4;10;9967975619;S
20240328;101136;157.4;1000;9967975620;S
20240328;101136;157.4;10;9967975621;S
20240328;101136;157.4;60;9967975622;S
20240328;101136;157.4;500;9967975623;S
20240328;101136;157.39;10;9967975655;S
20240328;101137;157.4;100;9967975822;B
20240328;101139;157.4;40;9967976127;B
20240328;101142;157.4;380;9967976524;B
20240328;101144;157.4;10;9967976939;B
20240328;101145;157.39;10;9967977030;S
20240328;101145;157.39;10;9967977031;S
20240328;101145;157.39;100;9967977032;S
20240328;101145;157.39;450;9967977033;S
20240328;101146;157.4;30;9967977135;B
20240328;101151;157.4;90;9967977846;B
20240328;101151;157.4;10;9967977876;B
20240328;101152;157.39;50;9967977995;S
20240328;101152;157.38;10;9967977996;S
20240328;101152;157.38;140;9967977997;S
20240328;101154;157.39;10;9967978270;B
20240328;101155;157.38;150;9967978307;S
20240328;101155;157.39;10;9967978337;B
20240328;101158;157.38;140;9967978737;S
20240328;101159;157.39;250;9967978912;B
20240328;101200;157.39;20;9967978951;B
20240328;101208;157.38;150;9967980116;S
20240328;101210;157.38;140;9967980466;S
20240328;101216;157.39;10;9967981736;B
20240328;101216;157.39;40;9967981737;B
20240328;101216;157.39;10;9967981742;B
20240328;101221;157.39;10;9967982373;B
20240328;101225;157.38;510;9967983098;S
20240328;101227;157.38;100;9967983385;S
20240328;101230;157.39;300;9967983711;B
20240328;101230;157.39;150;9967983712;B
20240328;101231;157.39;10;9967984002;B
20240328;101233;157.39;10;9967984304;B
20240328;101234;157.39;1000;9967984384;B
20240328;101234;157.38;10;9967984387;S
20240328;101234;157.39;30;9967984389;B
20240328;101234;157.39;1000;9967984425;B
20240328;101236;157.38;20;9967984818;S
20240328;101240;157.38;70;9967985425;S
20240328;101242;157.39;10;9967985661;B
20240328;101244;157.38;310;9967985914;S
20240328;101244;157.38;100;9967985915;S
20240328;101244;157.38;30;9967985916;S
20240328;101244;157.38;290;9967985917;S
20240328;101244;157.38;50;9967985918;S
20240328;101244;157.38;50;9967985919;S
20240328;101244;157.38;50;9967985920;S
20240328;101244;157.38;500;9967985921;S
20240328;101244;157.38;300;9967985922;S
20240328;101244;157.38;800;9967985923;S
20240328;101244;157.38;360;9967985924;S
20240328;101246;157.38;40;9967986060;S
20240328;101247;157.38;10;9967986374;S
20240328;101250;157.39;480;9967986742;B
20240328;101250;157.39;520;9967986743;B
20240328;101257;157.39;480;9967988037;B
20240328;101257;157.39;360;9967988038;B
20240328;101257;157.4;160;9967988039;B
20240328;101257;157.39;100;9967988111;B
20240328;101258;157.39;500;9967988186;B
20240328;101259;157.4;10;9967988342;B
20240328;101301;157.4;10;9967988624;B
20240328;101304;157.4;5790;9967989000;B
20240328;101304;157.4;320;9967989001;B
20240328;101304;157.4;80;9967989002;B
20240328;101304;157.4;960;9967989003;B
20240328;101304;157.4;1730;9967989004;B
20240328;101305;157.39;10;9967989171;S
20240328;101306;157.39;680;9967989351;S
20240328;101306;157.4;50;9967989358;B
20240328;101307;157.4;80;9967989462;B
20240328;101307;157.4;20;9967989530;B
20240328;101309;157.39;110;9967989721;S
20240328;101309;157.39;10;9967989722;S
20240328;101309;157.39;300;9967989723;S
20240328;101309;157.39;1000;9967989724;S
20240328;101309;157.39;360;9967989725;S
20240328;101309;157.39;1020;9967989726;S
20240328;101309;157.39;200;9967989727;S
20240328;101309;157.38;1190;9967989728;S
20240328;101309;157.38;60;9967989729;S
20240328;101309;157.38;10000;9967989730;S
20240328;101309;157.38;10;9967989731;S
20240328;101309;157.37;10;9967989732;S
20240328;101309;157.37;100;9967989733;S
20240328;101309;157.37;10;9967989734;S
20240328;101309;157.37;10;9967989735;S
20240328;101309;157.37;100;9967989736;S
20240328;101309;157.37;500;9967989737;S
20240328;101309;157.37;1910;9967989738;S
20240328;101309;157.36;10;9967989739;S
20240328;101309;157.36;10;9967989740;S
20240328;101309;157.36;10;9967989741;S
20240328;101309;157.36;60;9967989742;S
20240328;101309;157.36;1000;9967989743;S
20240328;101309;157.36;8000;9967989744;S
20240328;101309;157.35;220;9967989745;S
20240328;101309;157.35;80;9967989746;S
20240328;101309;157.35;10;9967989747;S
20240328;101309;157.35;950;9967989748;S
20240328;101309;157.35;10;9967989749;S
20240328;101309;157.35;500;9967989750;S
20240328;101309;157.35;10;9967989751;S
20240328;101309;157.35;500;9967989752;S
20240328;101309;157.35;350;9967989753;S
20240328;101309;157.35;50;9967989754;S
20240328;101309;157.35;230;9967989755;S
20240328;101309;157.34;10;9967989756;S
20240328;101309;157.34;200;9967989757;S
20240328;101309;157.34;50;9967989758;S
20240328;101309;157.34;20;9967989759;S
20240328;101309;157.34;230;9967989760;S
20240328;101309;157.33;1000;9967989761;S
20240328;101309;157.33;50;9967989762;S
20240328;101309;157.33;10;9967989763;S
20240328;101309;157.33;10;9967989764;S
20240328;101309;157.33;20;9967989765;S
20240328;101309;157.33;500;9967989766;S
20240328;101309;157.33;10;9967989767;S
20240328;101309;157.33;50;9967989768;S
20240328;101309;157.33;230;9967989769;S
20240328;101309;157.32;10;9967989770;S
20240328;101309;157.32;290;9967989771;S
20240328;101309;157.32;1000;9967989772;S
20240328;101309;157.32;230;9967989773;S
20240328;101309;157.32;10;9967989774;S
20240328;101309;157.32;3400;9967989775;S
20240328;101309;157.32;50;9967989776;S
20240328;101309;157.32;710;9967989777;S
20240328;101309;157.32;100;9967989778;S
20240328;101309;157.32;1000;9967989779;S
20240328;101309;157.31;50;9967989780;S
20240328;101309;157.31;20;9967989781;S
20240328;101309;157.31;20;9967989782;S
20240328;101309;157.31;10000;9967989783;S
20240328;101309;157.31;100;9967989784;S
20240328;101309;157.31;160;9967989785;S
20240328;101309;157.39;10;9967989838;B
20240328;101311;157.39;500;9967990024;B
20240328;101312;157.38;20;9967990207;B
20240328;101312;157.39;10;9967990226;S
20240328;101312;157.39;10;9967990236;S
20240328;101314;157.4;80;9967990528;B
20240328;101316;157.4;10;9967990749;B
20240328;101320;157.4;10;9967991356;B
20240328;101321;157.39;10;9967991404;S
20240328;101321;157.39;30;9967991408;S
20240328;101323;157.4;20;9967991597;B
20240328;101323;157.4;80;9967991598;B
20240328;101323;157.39;100;9967991627;S
20240328;101325;157.4;220;9967991817;B
20240328;101325;157.4;420;9967991818;B
20240328;101325;157.42;40;9967991819;B
20240328;101325;157.42;1000;9967991820;B
20240328;101325;157.42;50;9967991821;B
20240328;101325;157.43;1000;9967991822;B
20240328;101325;157.43;20;9967991823;B
20240328;101325;157.44;1000;9967991824;B
20240328;101325;157.45;1000;9967991825;B
20240328;101325;157.45;10;9967991826;B
20240328;101325;157.45;120;9967991827;B
20240328;101325;157.45;500;9967991828;B
20240328;101325;157.46;1000;9967991829;B
20240328;101325;157.46;500;9967991830;B
20240328;101325;157.46;1330;9967991831;B
20240328;101325;157.46;300;9967991832;B
20240328;101325;157.47;1000;9967991833;B
20240328;101325;157.47;500;9967991834;B
20240328;101325;157.47;1100;9967991835;B
20240328;101325;157.45;300;9967991858;S
20240328;101325;157.45;20;9967991859;S
20240328;101325;157.47;150;9967991874;B
20240328;101326;157.47;140;9967991990;B
20240328;101329;157.46;20;9967992430;S
20240328;101332;157.46;280;9967992906;S
20240328;101332;157.46;290;9967992907;S
20240328;101332;157.45;980;9967992908;S
20240328;101332;157.45;500;9967992909;S
20240328;101332;157.43;1000;9967992910;S
20240328;101332;157.4;1170;9967992911;S
20240328;101332;157.39;30;9967992912;S
20240328;101332;157.39;450;9967992913;S
20240328;101332;157.39;1910;9967992914;S
20240328;101332;157.38;300;9967992915;S
20240328;101332;157.38;3090;9967992916;S
20240328;101338;157.43;60;9967993583;B
20240328;101338;157.44;150;9967993655;B
20240328;101340;157.42;10;9967993875;S
20240328;101343;157.42;10;9967994215;S
20240328;101344;157.42;10;9967994361;S
20240328;101345;157.42;470;9967994469;S
20240328;101345;157.41;300;9967994470;S
20240328;101345;157.41;250;9967994471;S
20240328;101345;157.4;20;9967994472;S
20240328;101345;157.4;10;9967994473;S
20240328;101345;157.39;550;9967994474;S
20240328;101345;157.43;450;9967994505;B
20240328;101346;157.43;10;9967995085;B
20240328;101351;157.43;340;9967996187;B
20240328;101351;157.43;500;9967996188;B
20240328;101351;157.44;1000;9967996189;B
20240328;101351;157.44;250;9967996190;B
20240328;101351;157.45;800;9967996191;B
20240328;101351;157.45;300;9967996192;B
20240328;101352;157.45;10;9967996388;S
20240328;101353;157.46;50;9967996523;B
20240328;101353;157.46;20;9967996595;B
20240328;101355;157.46;30;9967996844;B
20240328;101355;157.46;40;9967996845;B
20240328;101355;157.45;10;9967996850;S
20240328;101356;157.46;10;9967997100;B
20240328;101400;157.45;200;9967997764;S
20240328;101400;157.45;200;9967997765;S
20240328;101400;157.45;60;9967997799;S
20240328;101400;157.45;100;9967997866;S
20240328;101401;157.47;10;9967997990;B
20240328;101402;157.46;10;9967998137;B
20240328;101402;157.46;100;9967998159;B
20240328;101404;157.46;10;9967998422;B
20240328;101406;157.45;4500;9967998682;S
20240328;101409;157.46;880;9967999064;B
20240328;101409;157.46;640;9967999065;B
20240328;101409;157.45;200;9967999178;S
20240328;101410;157.45;10;9967999210;S
20240328;101413;157.46;10;9967999828;B
20240328;101414;157.46;60;9967999905;B
20240328;101415;157.46;250;9968000011;B
20240328;101420;157.46;10;9968000674;B
20240328;101422;157.45;100;9968000950;S
20240328;101423;157.45;130;9968001072;S
20240328;101428;157.46;10;9968001632;B
20240328;101428;157.45;30;9968001659;S
20240328;101428;157.46;10;9968001689;B
20240328;101431;157.46;350;9968002125;B
20240328;101431;157.46;10;9968002156;B
20240328;101439;157.46;30;9968003261;B
20240328;101442;157.46;90;9968003699;B
20240328;101442;157.46;170;9968003769;B
20240328;101442;157.46;530;9968003770;B
20240328;101447;157.45;1260;9968004737;S
20240328;101447;157.45;500;9968004738;S
20240328;101447;157.45;70;9968004739;S
20240328;101447;157.45;10;9968004740;S
20240328;101447;157.45;130;9968004741;S
20240328;101447;157.44;270;9968004742;S
20240328;101447;157.41;500;9968004743;S
20240328;101447;157.41;300;9968004744;S
20240328;101447;157.4;10;9968004745;S
20240328;101447;157.4;10;9968004746;S
20240328;101447;157.4;20;9968004747;S
20240328;101447;157.4;10;9968004748;S
20240328;101447;157.39;750;9968004749;S
20240328;101447;157.39;160;9968004750;S
20240328;101454;157.42;40;9968005691;B
20240328;101457;157.42;10;9968006022;B
20240328;101501;157.42;950;9968006624;B
20240328;101501;157.42;190;9968006625;B
20240328;101501;157.42;300;9968006626;B
20240328;101501;157.44;1000;9968006627;B
20240328;101501;157.44;280;9968006628;B
20240328;101501;157.45;10;9968006629;B
20240328;101501;157.45;200;9968006630;B
20240328;101502;157.44;10;9968006874;B
20240328;101502;157.44;10;9968006909;B
20240328;101503;157.44;1000;9968007046;B
20240328;101503;157.45;60;9968007047;B
20240328;101505;157.43;500;9968007360;S
20240328;101505;157.42;1000;9968007361;S
20240328;101505;157.42;10;9968007362;S
20240328;101505;157.42;270;9968007363;S
20240328;101505;157.41;10;9968007364;S
20240328;101508;157.39;10;9968007953;S
20240328;101512;157.41;40;9968008858;B
20240328;101514;157.39;990;9968009392;S
20240328;101514;157.39;270;9968009393;S
20240328;101514;157.39;10;9968009394;S
20240328;101514;157.38;50;9968009395;S
20240328;101514;157.38;30;9968009396;S
20240328;101514;157.38;10;9968009397;S
20240328;101514;157.38;2000;9968009398;S
20240328;101514;157.38;300;9968009399;S
20240328;101514;157.37;10;9968009400;S
20240328;101514;157.35;90;9968009401;S
20240328;101514;157.35;1000;9968009402;S
20240328;101514;157.34;1000;9968009403;S
20240328;101514;157.34;300;9968009404;S
20240328;101514;157.34;500;9968009405;S
20240328;101514;157.34;510;9968009406;S
20240328;101514;157.33;1000;9968009407;S
20240328;101514;157.33;2000;9968009408;S
20240328;101514;157.33;230;9968009409;S
20240328;101514;157.33;1500;9968009410;S
20240328;101517;157.39;100;9968010089;B
20240328;101521;157.4;350;9968010974;B
20240328;101521;157.38;300;9968011005;S
20240328;101521;157.37;260;9968011006;S
20240328;101521;157.37;20;9968011007;S
20240328;101521;157.36;1000;9968011008;S
20240328;101521;157.34;420;9968011009;S
20240328;101522;157.34;20;9968011116;S
20240328;101523;157.34;10;9968011599;S
20240328;101524;157.38;100;9968011980;B
20240328;101526;157.4;100;9968012538;B
20240328;101532;157.35;30;9968013654;S
20240328;101534;157.4;100;9968014123;B
20240328;101535;157.35;150;9968014375;S
20240328;101537;157.35;150;9968014556;S
20240328;101537;157.35;40;9968014557;S
20240328;101539;157.35;60;9968014968;S
20240328;101540;157.38;90;9968015185;B
20240328;101540;157.39;10;9968015186;B
20240328;101540;157.39;40;9968015273;B
20240328;101540;157.4;80;9968015274;B
20240328;101541;157.4;10;9968015519;B
20240328;101541;157.4;100;9968015526;B
20240328;101543;157.4;60;9968015952;B
20240328;101543;157.4;40;9968015953;B
20240328;101552;157.4;130;9968017855;B
20240328;101552;157.41;190;9968017856;B
20240328;101555;157.4;90;9968018620;B
20240328;101555;157.41;10;9968018621;B
20240328;101557;157.41;10;9968019219;B
20240328;101557;157.39;20;9968019245;S
20240328;101557;157.39;240;9968019246;S
20240328;101557;157.38;10;9968019247;S
20240328;101600;157.38;990;9968019625;S
20240328;101600;157.38;10;9968019626;S
20240328;101601;157.38;10;9968019981;B
20240328;101602;157.37;10;9968020157;S
20240328;101602;157.37;240;9968020158;S
20240328;101602;157.36;1000;9968020159;S
20240328;101602;157.36;1710;9968020160;S
20240328;101602;157.36;540;9968020161;S
20240328;101605;157.36;10;9968020719;S
20240328;101605;157.36;20;9968020720;S
20240328;101606;157.35;10;9968021054;S
20240328;101606;157.34;290;9968021055;S
20240328;101609;157.36;100;9968021782;S
20240328;101609;157.35;230;9968021783;S
20240328;101609;157.34;70;9968021784;S
20240328;101611;157.34;500;9968022059;S
20240328;101611;157.34;40;9968022090;S
20240328;101611;157.34;290;9968022166;S
20240328;101614;157.36;10;9968022784;B
20240328;101614;157.37;10;9968022935;B
20240328;101615;157.37;220;9968023054;B
20240328;101621;157.37;10;9968024001;B
20240328;101622;157.37;100;9968024290;B
20240328;101623;157.38;20;9968024430;B
20240328;101623;157.38;10;9968024456;B
20240328;101625;157.38;10;9968024701;B
20240328;101626;157.38;10;9968024837;B
20240328;101627;157.38;20;9968025124;B
20240328;101629;157.38;50;9968025546;B
20240328;101631;157.38;50;9968025836;B
20240328;101633;157.38;500;9968026102;B
20240328;101634;157.38;10;9968026330;B
20240328;101634;157.38;100;9968026352;B
20240328;101636;157.38;100;9968026695;B
20240328;101637;157.38;100;9968026919;B
20240328;101638;157.38;10;9968027020;B
20240328;101638;157.38;90;9968027021;B
20240328;101639;157.37;20;9968027131;S
20240328;101639;157.37;230;9968027132;S
20240328;101639;157.35;200;9968027133;S
20240328;101639;157.35;10;9968027134;S
20240328;101639;157.35;40;9968027135;S
20240328;101642;157.37;130;9968027727;B
20240328;101644;157.36;70;9968028015;S
20240328;101644;157.36;270;9968028016;S
20240328;101645;157.37;300;9968028076;B
20240328;101645;157.38;700;9968028077;B
20240328;101648;157.36;10;9968028586;S
20240328;101648;157.36;10;9968028638;S
20240328;101648;157.35;380;9968028647;S
20240328;101654;157.37;50;9968029788;B
20240328;101654;157.38;50;9968029789;B
20240328;101655;157.35;10;9968029820;S
20240328;101655;157.38;10;9968029922;B
20240328;101656;157.38;100;9968030143;B
20240328;101658;157.38;10;9968030402;B
20240328;101659;157.38;100;9968030603;B
20240328;101659;157.38;140;9968030614;B
20240328;101701;157.38;100;9968030879;B
20240328;101702;157.38;10;9968031069;B
20240328;101703;157.38;100;9968031241;B
20240328;101704;157.38;460;9968031508;B
20240328;101706;157.38;100;9968031896;B
20240328;101707;157.38;10;9968031946;B
20240328;101713;157.38;10;9968033359;B
20240328;101713;157.38;10;9968033438;B
20240328;101714;157.37;190;9968033625;S
20240328;101715;157.37;100;9968033810;S
20240328;101716;157.37;100;9968033966;S
20240328;101717;157.38;20;9968034039;B
20240328;101717;157.38;10;9968034101;B
20240328;101722;157.38;110;9968034763;B
20240328;101722;157.38;340;9968034764;B
20240328;101722;157.38;10;9968034765;B
20240328;101722;157.38;10;9968034766;B
20240328;101722;157.38;30;9968034767;B
20240328;101725;157.38;10;9968035157;B
20240328;101727;157.38;10;9968035327;B
20240328;101727;157.37;10;9968035370;S
20240328;101727;157.38;10;9968035446;B
20240328;101727;157.37;40;9968035447;S
20240328;101729;157.38;10;9968036046;B
20240328;101732;157.38;500;9968036377;B
20240328;101732;157.38;10;9968036534;B
20240328;101733;157.38;100;9968036667;B
20240328;101735;157.38;20;9968036949;B
20240328;101738;157.38;10;9968037430;B
20240328;101738;157.38;10;9968037499;B
20240328;101739;157.37;10;9968037656;S
20240328;101744;157.38;10;9968038609;B
20240328;101744;157.37;50;9968038650;S
20240328;101744;157.37;10;9968038651;S
20240328;101744;157.37;10;9968038652;S
20240328;101745;157.37;80;9968038816;S
20240328;101754;157.38;10;9968039939;B
20240328;101755;157.38;10;9968040074;B
20240328;101756;157.38;10;9968040230;B
20240328;101801;157.38;10;9968040918;B
20240328;101803;157.38;10;9968041300;B
20240328;101805;157.37;410;9968041622;S
20240328;101805;157.37;2000;9968041623;S
20240328;101805;157.37;500;9968041624;S
20240328;101805;157.37;10;9968041625;S
20240328;101805;157.37;140;9968041626;S
20240328;101805;157.37;10;9968041627;S
20240328;101806;157.37;60;9968041767;B
20240328;101811;157.36;10;9968042451;S
20240328;101816;157.37;80;9968042948;B
20240328;101818;157.37;10;9968043247;B
20240328;101819;157.36;230;9968043306;S
20240328;101824;157.37;2200;9968044047;B
20240328;101827;157.37;6810;9968044501;B
20240328;101827;157.37;130;9968044502;B
20240328;101828;157.37;460;9968044629;B
20240328;101830;157.36;10;9968044992;S
20240328;101832;157.36;60;9968045348;S
20240328;101833;157.37;40;9968045652;B
20240328;101833;157.37;50;9968045653;B
20240328;101841;157.37;40;9968047398;B
20240328;101841;157.37;10;9968047399;B
20240328;101841;157.37;10;9968047400;B
20240328;101842;157.37;70;9968047411;B
20240328;101842;157.37;100;9968047430;B
20240328;101844;157.37;10;9968047750;B
20240328;101844;157.37;10;9968047877;B
20240328;101845;157.36;690;9968047965;S
20240328;101845;157.36;230;9968047966;S
20240328;101845;157.37;10;9968048069;B
20240328;101849;157.37;100;9968048566;B
20240328;101850;157.36;20;9968048672;S
20240328;101850;157.36;210;9968048673;S
20240328;101850;157.36;20;9968048674;S
20240328;101850;157.36;500;9968048675;S
20240328;101850;157.36;10;9968048676;S
20240328;101850;157.36;180;9968048677;S
20240328;101851;157.37;10;9968048996;B
20240328;101852;157.36;300;9968049090;S
20240328;101854;157.36;90;9968049486;S
20240328;101855;157.36;430;9968049709;S
20240328;101855;157.36;60;9968049710;S
20240328;101855;157.36;20;9968049711;S
20240328;101855;157.36;450;9968049712;S
20240328;101859;157.37;10;9968050329;B
20240328;101900;157.36;950;9968050421;S
20240328;101900;157.36;2600;9968050530;S
20240328;101900;157.36;10;9968050531;S
20240328;101900;157.36;20;9968050532;S
20240328;101900;157.36;500;9968050533;S
20240328;101903;157.36;150;9968050876;B
20240328;101905;157.36;10;9968051167;B
20240328;101905;157.35;70;9968051221;S
20240328;101905;157.35;300;9968051222;S
20240328;101905;157.35;10;9968051223;S
20240328;101905;157.35;250;9968051224;S
20240328;101905;157.35;80;9968051225;S
20240328;101905;157.35;10;9968051226;S
20240328;101905;157.35;100;9968051227;S
20240328;101905;157.35;40;9968051228;S
20240328;101905;157.35;10;9968051229;S
20240328;101905;157.35;10;9968051230;S
20240328;101905;157.35;10;9968051231;S
20240328;101905;157.35;30;9968051232;S
20240328;101906;157.36;30;9968051327;B
20240328;101909;157.35;220;9968051852;S
20240328;101909;157.35;40;9968051853;S
20240328;101909;157.35;500;9968051854;S
20240328;101909;157.34;740;9968051855;S
20240328;101910;157.34;900;9968051959;S
20240328;101915;157.34;80;9968052549;S
20240328;101915;157.34;450;9968052569;S
20240328;101917;157.35;50;9968052926;B
20240328;101918;157.35;10;9968052949;B
20240328;101918;157.35;200;9968052982;B
20240328;101918;157.35;20;9968053050;B
20240328;101922;157.35;30;9968053749;B
20240328;101925;157.35;950;9968054239;B
20240328;101925;157.35;760;9968054240;B
20240328;101933;157.35;30;9968055504;S
20240328;101933;157.35;3180;9968055516;S
20240328;101935;157.35;70;9968055683;S
20240328;101938;157.35;15010;9968055980;S
20240328;101938;157.35;20;9968055981;S
20240328;101938;157.35;1000;9968055982;S
20240328;101938;157.35;20;9968055983;S
20240328;101938;157.35;500;9968056018;B
20240328;101941;157.35;100;9968056358;B
20240328;101943;157.35;10;9968056598;B
20240328;101944;157.35;10;9968056729;B
20240328;101945;157.35;10;9968056919;B
20240328;101948;157.35;1610;9968057372;B
20240328;101948;157.35;730;9968057373;B
20240328;101948;157.35;500;9968057374;B
20240328;101948;157.35;220;9968057375;B
20240328;101949;157.35;100;9968057443;S
20240328;101949;157.36;500;9968057451;B
20240328;101951;157.36;30;9968057708;B
20240328;102003;157.36;60;9968059518;B
20240328;102006;157.35;70;9968059994;S
20240328;102006;157.36;50;9968060077;B
20240328;102007;157.35;20;9968060223;S
20240328;102013;157.35;650;9968060960;S
20240328;102014;157.36;20;9968061065;B
20240328;102016;157.35;100;9968061362;S
20240328;102017;157.35;390;9968061520;S
20240328;102021;157.36;10;9968062027;B
20240328;102024;157.36;10;9968063161;B
20240328;102025;157.36;130;9968063258;B
20240328;102028;157.36;100;9968064324;B
20240328;102029;157.35;100;9968064434;S
20240328;102030;157.36;430;9968064596;B
20240328;102030;157.36;20;9968064597;B
20240328;102032;157.36;10;9968064811;B
20240328;102034;157.36;100;9968064964;B
20240328;102036;157.35;2510;9968065364;S
20240328;102036;157.35;10;9968065365;S
20240328;102036;157.35;20;9968065366;S
20240328;102036;157.35;10;9968065367;S
20240328;102036;157.35;10;9968065368;S
20240328;102036;157.35;300;9968065369;S
20240328;102036;157.35;10;9968065370;S
20240328;102036;157.35;10;9968065371;S
20240328;102036;157.35;10;9968065372;S
20240328;102036;157.35;40;9968065373;S
20240328;102036;157.35;10;9968065374;S
20240328;102036;157.35;1000;9968065375;S
20240328;102036;157.35;280;9968065376;S
20240328;102036;157.35;11530;9968065377;S
20240328;102036;157.35;300;9968065378;S
20240328;102036;157.34;100;9968065379;S
20240328;102036;157.34;10;9968065380;S
20240328;102036;157.34;50;9968065381;S
20240328;102036;157.34;20;9968065382;S
20240328;102036;157.34;200;9968065383;S
20240328;102036;157.34;10;9968065384;S
20240328;102036;157.34;10;9968065385;S
20240328;102036;157.34;10;9968065386;S
20240328;102036;157.33;330;9968065387;S
20240328;102036;157.33;300;9968065388;S
20240328;102036;157.33;60;9968065389;S
20240328;102036;157.33;2100;9968065390;S
20240328;102036;157.33;100;9968065391;S
20240328;102036;157.33;20;9968065392;S
20240328;102036;157.33;300;9968065393;S
20240328;102036;157.33;10;9968065394;S
20240328;102036;157.33;370;9968065395;S
20240328;102036;157.33;10;9968065396;S
20240328;102036;157.33;50;9968065397;S
20240328;102036;157.33;20;9968065398;S
20240328;102036;157.32;20;9968065399;S
20240328;102036;157.32;10;9968065400;S
20240328;102036;157.32;110;9968065401;S
20240328;102036;157.32;20;9968065402;S
20240328;102036;157.32;50;9968065403;S
20240328;102036;157.32;5000;9968065404;S
20240328;102036;157.32;150;9968065405;S
20240328;102036;157.31;840;9968065406;S
20240328;102036;157.31;10;9968065407;S
20240328;102036;157.31;10;9968065408;S
20240328;102036;157.31;20;9968065409;S
20240328;102036;157.31;50;9968065410;S
20240328;102036;157.31;1000;9968065411;S
20240328;102036;157.31;50;9968065412;S
20240328;102036;157.31;10;9968065413;S
20240328;102036;157.31;1000;9968065414;S
20240328;102036;157.31;8000;9968065415;S
20240328;102036;157.31;100;9968065416;S
20240328;102036;157.31;10;9968065417;S
20240328;102036;157.31;10;9968065418;S
20240328;102036;157.31;10;9968065419;S
20240328;102036;157.31;60;9968065420;S
20240328;102036;157.31;10;9968065421;S
20240328;102036;157.31;700;9968065422;S
20240328;102036;157.31;60;9968065423;S
20240328;102036;157.31;20;9968065424;S
20240328;102036;157.31;90;9968065425;S
20240328;102036;157.31;230;9968065426;S
20240328;102036;157.31;2000;9968065427;S
20240328;102036;157.31;50;9968065428;S
20240328;102036;157.31;50;9968065429;S
20240328;102037;157.31;10;9968065443;B
20240328;102037;157.31;10;9968065504;B
20240328;102038;157.31;10;9968065599;B
20240328;102039;157.31;10;9968065684;B
20240328;102041;157.3;10;9968066441;S
20240328;102041;157.3;70;9968066442;S
20240328;102041;157.31;10;9968066541;B
20240328;102042;157.3;90;9968066570;S
20240328;102043;157.3;1840;9968067876;S
20240328;102043;157.3;10;9968067877;S
20240328;102043;157.3;10;9968067878;S
20240328;102043;157.3;1000;9968067879;S
20240328;102043;157.3;10;9968067880;S
20240328;102043;157.3;10;9968067881;S
20240328;102043;157.3;1000;9968067882;S
20240328;102043;157.3;10;9968067883;S
20240328;102043;157.3;20;9968067884;S
20240328;102043;157.3;10;9968067885;S
20240328;102043;157.3;10;9968067886;S
20240328;102043;157.3;1600;9968067887;S
20240328;102043;157.3;1000;9968067888;S
20240328;102043;157.3;1000;9968067889;S
20240328;102043;157.3;10;9968067890;S
20240328;102043;157.3;20;9968067891;S
20240328;102043;157.3;440;9968067892;S
20240328;102044;157.3;80;9968068751;S
20240328;102044;157.31;70;9968068794;B
20240328;102044;157.31;930;9968068795;B
20240328;102045;157.31;20;9968068958;B
20240328;102045;157.31;10;9968069015;B
20240328;102046;157.31;20;9968069077;B
20240328;102046;157.31;10;9968069334;B
20240328;102047;157.3;200;9968070175;S
20240328;102047;157.31;90;9968070222;B
20240328;102048;157.31;1590;9968070268;B
20240328;102048;157.31;1280;9968070269;B
20240328;102048;157.31;1000;9968070270;B
20240328;102048;157.31;2000;9968070271;B
20240328;102048;157.31;130;9968070272;B
20240328;102049;157.31;10;9968070400;B
20240328;102049;157.31;10;9968070435;B
20240328;102050;157.31;50;9968071049;B
20240328;102051;157.3;400;9968071484;S
20240328;102054;157.3;330;9968071864;S
20240328;102056;157.3;50;9968073954;S
20240328;102057;157.3;60;9968074141;S
20240328;102057;157.31;10;9968074199;B
20240328;102059;157.3;1440;9968074659;S
20240328;102059;157.3;50;9968074660;S
20240328;102059;157.3;10;9968074661;S
20240328;102059;157.3;20;9968074662;S
20240328;102059;157.3;20;9968074663;S
20240328;102059;157.3;220;9968074664;S
20240328;102059;157.3;20;9968074665;S
20240328;102059;157.3;10;9968074666;S
20240328;102059;157.3;100;9968074667;S
20240328;102059;157.3;10;9968074668;S
20240328;102059;157.3;30;9968074669;S
20240328;102059;157.3;50;9968074670;S
20240328;102059;157.3;20;9968074671;S
20240328;102059;157.3;580;9968074685;S
20240328;102059;157.3;10;9968074686;S
20240328;102059;157.3;20;9968074687;S
20240328;102059;157.3;390;9968074688;S
20240328;102101;157.3;1260;9968074971;S
20240328;102101;157.3;850;9968074993;S
20240328;102101;157.3;10;9968074994;S
20240328;102101;157.3;10;9968074995;S
20240328;102101;157.3;30;9968074996;S
20240328;102101;157.3;250;9968074997;S
20240328;102101;157.3;10;9968074998;S
20240328;102101;157.3;40;9968074999;S
20240328;102101;157.3;20;9968075000;S
20240328;102101;157.3;10;9968075001;S
20240328;102101;157.3;1000;9968075002;S
20240328;102101;157.3;10;9968075003;S
20240328;102101;157.3;10;9968075004;S
20240328;102101;157.3;100;9968075005;S
20240328;102101;157.3;30;9968075006;S
20240328;102101;157.3;10;9968075007;S
20240328;102101;157.3;50;9968075008;S
20240328;102101;157.3;10;9968075009;S
20240328;102101;157.3;40;9968075010;S
20240328;102102;157.29;10;9968075073;S
20240328;102102;157.29;200;9968075090;S
20240328;102102;157.3;30;9968075102;B
20240328;102102;157.3;40;9968075410;B
20240328;102103;157.29;10;9968075490;S
20240328;102103;157.29;20;9968075491;S
20240328;102103;157.29;100;9968075492;S
20240328;102103;157.28;80;9968075493;S
20240328;102103;157.28;10;9968075494;S
20240328;102103;157.28;10;9968075495;S
20240328;102103;157.28;100;9968075496;S
20240328;102103;157.28;20;9968075497;S
20240328;102103;157.28;280;9968075498;S
20240328;102105;157.29;10;9968075762;B
20240328;102105;157.29;10;9968075766;B
20240328;102106;157.29;30;9968075896;B
20240328;102107;157.29;10;9968076789;B
20240328;102109;157.29;10;9968077720;B
20240328;102110;157.29;10;9968077873;B
20240328;102110;157.29;20;9968077874;B
20240328;102110;157.29;10;9968077899;B
20240328;102111;157.29;10;9968078004;B
20240328;102112;157.28;70;9968078015;S
20240328;102113;157.29;1000;9968078475;B
20240328;102116;157.29;100;9968078999;B
20240328;102117;157.29;10;9968079058;B
20240328;102117;157.29;10;9968079883;B
20240328;102118;157.29;10;9968080020;B
20240328;102119;157.29;10;9968080034;B
20240328;102121;157.29;50;9968080289;B
20240328;102121;157.29;40;9968080290;B
20240328;102121;157.29;460;9968080367;S
20240328;102121;157.29;1000;9968080368;S
20240328;102121;157.28;10;9968080369;S
20240328;102121;157.28;1000;9968080370;S
20240328;102121;157.28;10;9968080371;S
20240328;102121;157.28;500;9968080372;S
20240328;102121;157.27;100;9968080373;S
20240328;102121;157.27;10;9968080374;S
20240328;102121;157.27;780;9968080375;S
20240328;102121;157.28;170;9968080379;S
20240328;102122;157.3;100;9968081103;B
20240328;102123;157.3;100;9968081423;B
20240328;102124;157.28;10;9968081557;S
20240328;102126;157.3;10;9968082817;B
20240328;102127;157.3;100;9968082916;B
20240328;102130;157.3;10;9968083319;B
20240328;102130;157.3;20;9968083327;B
20240328;102130;157.3;10;9968083353;B
20240328;102131;157.3;90;9968083516;B
20240328;102131;157.3;60;9968083517;B
20240328;102132;157.3;50;9968085126;B
20240328;102132;157.3;250;9968085154;B
20240328;102133;157.3;100;9968085358;B
20240328;102134;157.3;10;9968085415;B
20240328;102135;157.3;100;9968085469;B
20240328;102135;157.29;10;9968085488;S
20240328;102135;157.29;800;9968085489;S
20240328;102135;157.29;190;9968085490;S
20240328;102135;157.29;150;9968085582;S
20240328;102138;157.29;660;9968086075;S
20240328;102138;157.29;300;9968086076;S
20240328;102138;157.29;10;9968086077;S
20240328;102138;157.29;500;9968086078;S
20240328;102138;157.29;490;9968086079;S
20240328;102139;157.29;320;9968086141;S
20240328;102139;157.29;210;9968086142;S
20240328;102139;157.3;10;9968086158;B
20240328;102139;157.3;30;9968086161;B
20240328;102140;157.29;790;9968086252;S
20240328;102140;157.29;20;9968086253;S
20240328;102144;157.3;10;9968087178;B
20240328;102144;157.3;10;9968087193;B
20240328;102146;157.29;400;9968087394;S
20240328;102146;157.29;1000;9968087395;S
20240328;102146;157.29;10;9968087396;S
20240328;102146;157.29;10;9968087397;S
20240328;102146;157.29;10;9968087398;S
20240328;102146;157.28;820;9968087399;S
20240328;102146;157.28;10;9968087400;S
20240328;102146;157.28;20;9968087401;S
20240328;102146;157.28;50;9968087402;S
20240328;102146;157.28;30;9968087403;S
20240328;102146;157.28;10;9968087404;S
20240328;102146;157.28;300;9968087405;S
20240328;102146;157.28;10;9968087406;S
20240328;102146;157.27;110;9968087407;S
20240328;102146;157.27;300;9968087408;S
20240328;102146;157.27;330;9968087409;S
20240328;102146;157.27;200;9968087410;S
20240328;102146;157.26;30;9968087411;S
20240328;102146;157.26;250;9968087412;S
20240328;102146;157.26;130;9968087413;S
20240328;102146;157.26;20;9968087414;S
20240328;102146;157.26;10;9968087415;S
20240328;102146;157.26;150;9968087416;S
20240328;102146;157.26;1000;9968087417;S
20240328;102146;157.26;10;9968087418;S
20240328;102146;157.26;5730;9968087419;S
20240328;102148;157.28;10;9968088314;S
20240328;102148;157.27;100;9968088315;S
20240328;102148;157.27;1000;9968088316;S
20240328;102148;157.27;20;9968088317;S
20240328;102148;157.26;3150;9968088318;S
20240328;102148;157.26;10;9968088319;S
20240328;102148;157.26;20;9968088320;S
20240328;102148;157.26;230;9968088321;S
20240328;102148;157.26;1000;9968088322;S
20240328;102148;157.25;50;9968088323;S
20240328;102148;157.25;30;9968088324;S
20240328;102148;157.25;100;9968088325;S
20240328;102148;157.25;10;9968088326;S
20240328;102148;157.25;30;9968088327;S
20240328;102148;157.26;1000;9968088347;S
20240328;102148;157.26;1000;9968088348;S
20240328;102148;157.25;40;9968088349;S
20240328;102148;157.25;1000;9968088350;S
20240328;102148;157.25;10;9968088351;S
20240328;102148;157.25;30;9968088352;S
20240328;102148;157.25;780;9968088353;S
20240328;102148;157.25;450;9968088354;S
20240328;102148;157.25;10;9968088355;S
20240328;102148;157.25;10;9968088356;S
20240328;102148;157.25;10;9968088357;S
20240328;102148;157.25;20;9968088358;S
20240328;102148;157.25;640;9968088359;S
20240328;102148;157.25;100;9968088646;S
20240328;102150;157.25;260;9968089625;S
20240328;102150;157.25;10;9968089626;S
20240328;102150;157.25;230;9968089627;S
20240328;102152;157.25;770;9968089896;S
20240328;102152;157.25;20;9968089897;S
20240328;102152;157.25;20;9968089898;S
20240328;102152;157.25;30;9968089899;S
20240328;102152;157.25;20;9968089900;S
20240328;102152;157.25;10;9968089901;S
20240328;102152;157.25;2000;9968089902;S
20240328;102152;157.25;500;9968089903;S
20240328;102152;157.25;50;9968089904;S
20240328;102152;157.25;300;9968089905;S
20240328;102152;157.25;330;9968089906;S
20240328;102152;157.25;10;9968089907;S
20240328;102152;157.25;10;9968089908;S
20240328;102152;157.25;360;9968089909;S
20240328;102153;157.26;10;9968089999;B
20240328;102154;157.25;100;9968090064;S
20240328;102159;157.25;500;9968090891;S
20240328;102159;157.25;40;9968090973;S
20240328;102159;157.25;20;9968090974;S
20240328;102159;157.24;70;9968090975;S
20240328;102159;157.24;10;9968090976;S
20240328;102159;157.24;50;9968090977;S
20240328;102159;157.24;10;9968090978;S
20240328;102159;157.24;950;9968090979;S
20240328;102200;157.24;50;9968091099;S
20240328;102200;157.24;230;9968091100;S
20240328;102200;157.24;10;9968091101;S
20240328;102200;157.24;30;9968091102;S
20240328;102200;157.24;100;9968091103;S
20240328;102200;157.24;10;9968091104;S
20240328;102200;157.23;10;9968091105;S
20240328;102200;157.23;50;9968091106;S
20240328;102200;157.23;10;9968091107;S
20240328;102200;157.23;10;9968091108;S
20240328;102200;157.23;10;9968091109;S
20240328;102200;157.23;80;9968091110;S
20240328;102200;157.24;10;9968091240;B
20240328;102201;157.23;300;9968091333;S
20240328;102201;157.23;10;9968091372;S
20240328;102201;157.23;10;9968091373;S
20240328;102201;157.23;20;9968091374;S
20240328;102201;157.23;20;9968091375;S
20240328;102201;157.22;30;9968091376;S
20240328;102201;157.22;600;9968091377;S
20240328;102201;157.23;20;9968091378;B
20240328;102204;157.23;10;9968093405;B
20240328;102205;157.23;1000;9968093475;B
20240328;102205;157.23;10;9968093515;B
20240328;102206;157.23;10;9968093568;B
20240328;102207;157.23;930;9968093931;B
20240328;102209;157.23;70;9968094651;S
20240328;102209;157.23;60;9968094652;S
20240328;102209;157.24;10;9968094676;B
20240328;102210;157.24;100;9968094736;B
20240328;102213;157.24;4330;9968095690;B
20240328;102213;157.24;580;9968095691;B
20240328;102213;157.24;320;9968095692;B
20240328;102213;157.24;540;9968095693;B
20240328;102213;157.24;220;9968095694;B
20240328;102213;157.24;10;9968095695;B
20240328;102213;157.24;100;9968095795;B
20240328;102214;157.23;440;9968095808;S
20240328;102214;157.23;10;9968095809;S
20240328;102214;157.23;1310;9968095810;S
20240328;102214;157.22;2730;9968095811;S
20240328;102214;157.22;500;9968095812;S
20240328;102214;157.22;10;9968095813;S
20240328;102216;157.24;10;9968096142;B
20240328;102216;157.24;100;9968096222;B
20240328;102217;157.23;300;9968096474;S
20240328;102217;157.22;10;9968096475;S
20240328;102219;157.23;20;9968096785;S
20240328;102219;157.22;1480;9968096786;S
20240328;102219;157.22;1000;9968096787;S
20240328;102219;157.22;100;9968096788;S
20240328;102219;157.22;230;9968096789;S
20240328;102219;157.22;20;9968096790;S
20240328;102219;157.22;4500;9968096791;S
20240328;102219;157.22;100;9968096792;S
20240328;102219;157.22;100;9968096793;S
20240328;102219;157.22;320;9968096794;S
20240328;102219;157.22;20;9968096795;S
20240328;102219;157.22;10;9968096796;S
20240328;102219;157.22;10;9968096797;S
20240328;102219;157.22;10;9968096798;S
20240328;102219;157.22;100;9968096799;S
20240328;102219;157.22;300;9968096800;S
20240328;102219;157.21;30;9968096801;S
20240328;102219;157.21;100;9968096802;S
20240328;102219;157.21;30;9968096803;S
20240328;102219;157.21;10;9968096804;S
20240328;102219;157.21;1000;9968096805;S
20240328;102219;157.21;30;9968096806;S
20240328;102219;157.21;2000;9968096807;S
20240328;102219;157.21;10;9968096808;S
20240328;102219;157.21;30;9968096809;S
20240328;102219;157.21;10240;9968096810;S
20240328;102220;157.21;600;9968096954;S
20240328;102225;157.23;10;9968098017;S
20240328;102225;157.23;10;9968098018;S
20240328;102225;157.22;30;9968098019;S
20240328;102225;157.24;10;9968098020;B
20240328;102226;157.24;5000;9968098059;B
20240328;102228;157.24;20;9968099295;B
20240328;102229;157.21;10;9968099329;S
20240328;102230;157.24;110;9968099488;B
20240328;102230;157.24;10;9968099544;B
20240328;102231;157.21;10;9968100525;S
20240328;102232;157.24;200;9968100606;B
20240328;102232;157.24;250;9968100607;B
20240328;102232;157.24;200;9968100654;B
20240328;102236;157.23;800;9968102202;S
20240328;102236;157.23;10;9968102203;S
20240328;102236;157.22;180;9968102204;S
20240328;102237;157.23;10;9968102479;B
20240328;102240;157.23;10;9968103349;B
20240328;102241;157.23;20;9968103432;B
20240328;102242;157.23;960;9968104285;B
20240328;102242;157.23;40;9968104286;B
20240328;102243;157.22;750;9968104743;S
20240328;102244;157.23;100;9968104798;B
20240328;102245;157.23;10;9968105149;B
20240328;102246;157.22;130;9968105173;S
20240328;102246;157.22;330;9968105308;S
20240328;102246;157.22;300;9968105309;S
20240328;102246;157.22;230;9968105310;S
20240328;102246;157.22;10;9968105311;S
20240328;102246;157.22;450;9968105312;S
20240328;102246;157.22;20;9968105313;S
20240328;102246;157.22;1910;9968105314;S
20240328;102246;157.21;1140;9968105315;S
20240328;102246;157.21;30;9968105316;S
20240328;102246;157.21;580;9968105317;S
20240328;102247;157.23;10;9968105344;B
20240328;102250;157.22;70;9968106045;S
20240328;102251;157.23;10;9968106107;B
20240328;102252;157.23;500;9968106895;B
20240328;102254;157.23;10;9968107668;B
20240328;102255;157.23;20;9968107847;B
20240328;102257;157.23;130;9968107980;B
20240328;102257;157.23;870;9968107981;B
20240328;102258;157.23;140;9968108087;B
20240328;102302;157.24;1000;9968108951;B
20240328;102302;157.23;10;9968109025;S
20240328;102302;157.23;310;9968109064;S
20240328;102302;157.23;300;9968109065;S
20240328;102302;157.23;800;9968109066;S
20240328;102302;157.23;30;9968109067;S
20240328;102302;157.23;560;9968109068;S
20240328;102303;157.23;430;9968109080;S
20240328;102304;157.23;10;9968109252;S
20240328;102304;157.23;60;9968109253;S
20240328;102304;157.22;50;9968109254;S
20240328;102304;157.24;10;9968109262;B
20240328;102306;157.22;110;9968110642;S
20240328;102306;157.22;70;9968110643;S
20240328;102307;157.23;230;9968110786;S
20240328;102307;157.23;770;9968110787;S
20240328;102311;157.23;230;9968112131;S
20240328;102311;157.23;270;9968112132;S
20240328;102313;157.24;70;9968112489;B
20240328;102315;157.24;10;9968112804;B
20240328;102316;157.24;250;9968113582;B
20240328;102317;157.23;30;9968114427;S
20240328;102317;157.23;300;9968114428;S
20240328;102317;157.23;70;9968114429;S
20240328;102319;157.24;50;9968114660;B
20240328;102320;157.23;10;9968115034;S
20240328;102320;157.23;10;9968115048;S
20240328;102320;157.23;10;9968115049;S
20240328;102320;157.23;800;9968115050;S
20240328;102320;157.23;100;9968115051;S
20240328;102320;157.23;80;9968115052;S
20240328;102320;157.23;10;9968115174;S
20240328;102320;157.23;10;9968115185;S
20240328;102321;157.23;10;9968115190;S
20240328;102321;157.23;10;9968115302;S
20240328;102324;157.24;20;9968115992;B
20240328;102326;157.24;10;9968116461;B
20240328;102326;157.24;20;9968116532;B
20240328;102328;157.23;880;9968116974;S
20240328;102328;157.23;470;9968116975;S
20240328;102331;157.24;100;9968117420;B
20240328;102331;157.24;80;9968117456;B
20240328;102331;157.24;20;9968117477;B
20240328;102331;157.24;120;9968117478;B
20240328;102331;157.24;860;9968117479;B
20240328;102334;157.24;960;9968118407;B
20240328;102334;157.24;40;9968118408;B
20240328;102337;157.24;30;9968119411;B
20240328;102339;157.23;20;9968119988;S
20240328;102339;157.24;100;9968120045;B
20240328;102339;157.24;380;9968120119;B
20240328;102339;157.24;620;9968120120;B
20240328;102342;157.24;10;9968121331;B
20240328;102342;157.24;100;9968121379;B
20240328;102346;157.23;10;9968121965;S
20240328;102346;157.23;10;9968121966;S
20240328;102346;157.23;10;9968121967;S
20240328;102348;157.24;560;9968122402;B
20240328;102348;157.24;440;9968122403;B
20240328;102349;157.23;390;9968122757;S
20240328;102350;157.24;50;9968122952;B
20240328;102354;157.24;70;9968124620;B
20240328;102354;157.24;30;9968124621;B
20240328;102355;157.23;400;9968125119;S
20240328;102355;157.23;200;9968125120;S
20240328;102359;157.23;110;9968125830;S
20240328;102400;157.24;520;9968125914;B
20240328;102400;157.24;20;9968125915;B
20240328;102400;157.24;30;9968125916;B
20240328;102400;157.24;410;9968125917;B
20240328;102400;157.24;440;9968125941;S
20240328;102400;157.24;190;9968125973;S
20240328;102400;157.24;220;9968125974;S
20240328;102401;157.24;80;9968125982;S
20240328;102401;157.24;150;9968125983;S
20240328;102404;157.25;10;9968127028;B
20240328;102407;157.25;10;9968127241;B
20240328;102407;157.25;10;9968127317;B
20240328;102412;157.25;60;9968128373;B
20240328;102413;157.25;10;9968128398;B
20240328;102413;157.28;50;9968128399;B
20240328;102413;157.28;100;9968128423;B
20240328;102413;157.28;20;9968128489;B
20240328;102413;157.3;40;9968128490;B
20240328;102413;157.3;10;9968128491;B
20240328;102413;157.3;140;9968128492;B
20240328;102413;157.3;10;9968128493;B
20240328;102413;157.3;30;9968128494;B
20240328;102413;157.3;320;9968128495;B
20240328;102413;157.31;5250;9968128496;B
20240328;102413;157.31;5900;9968128497;B
20240328;102413;157.31;20;9968128498;B
20240328;102413;157.31;100;9968128499;B
20240328;102413;157.31;160;9968128500;B
20240328;102414;157.29;800;9968129476;S
20240328;102414;157.28;1910;9968129477;S
20240328;102414;157.27;1000;9968129478;S
20240328;102414;157.27;1000;9968129479;S
20240328;102414;157.27;800;9968129480;S
20240328;102414;157.27;300;9968129481;S
20240328;102414;157.27;320;9968129482;S
20240328;102414;157.25;50;9968129483;S
20240328;102414;157.24;130;9968129484;S
20240328;102414;157.24;10;9968129485;S
20240328;102414;157.24;10;9968129486;S
20240328;102414;157.24;1000;9968129487;S
20240328;102414;157.23;190;9968129488;S
20240328;102414;157.23;300;9968129489;S
20240328;102414;157.23;2000;9968129490;S
20240328;102414;157.23;1000;9968129491;S
20240328;102414;157.23;10;9968129492;S
20240328;102414;157.23;10;9968129493;S
20240328;102414;157.23;10;9968129494;S
20240328;102414;157.23;10;9968129495;S
20240328;102414;157.23;100;9968129496;S
20240328;102414;157.23;1000;9968129497;S
20240328;102414;157.23;230;9968129498;S
20240328;102414;157.22;300;9968129499;S
20240328;102414;157.22;20;9968129500;S
20240328;102414;157.22;1000;9968129501;S
20240328;102414;157.22;50;9968129502;S
20240328;102414;157.22;230;9968129503;S
20240328;102414;157.22;5000;9968129504;S
20240328;102414;157.22;30;9968129505;S
20240328;102414;157.22;2000;9968129506;S
20240328;102414;157.21;420;9968129507;S
20240328;102414;157.21;100;9968129508;S
20240328;102414;157.21;10;9968129509;S
20240328;102414;157.21;1000;9968129510;S
20240328;102414;157.21;20;9968129511;S
20240328;102414;157.21;270;9968129512;S
20240328;102414;157.21;10;9968129513;S
20240328;102414;157.21;230;9968129514;S
20240328;102414;157.21;2000;9968129515;S
20240328;102414;157.21;2550;9968129516;S
20240328;102414;157.21;10;9968129517;S
20240328;102414;157.21;1000;9968129518;S
20240328;102414;157.21;100;9968129519;S
20240328;102414;157.21;20;9968129520;S
20240328;102414;157.21;10;9968129521;S
20240328;102414;157.21;10;9968129522;S
20240328;102414;157.21;100;9968129523;S
20240328;102414;157.21;4000;9968129524;S
20240328;102414;157.2;1000;9968129525;S
20240328;102414;157.2;100;9968129526;S
20240328;102414;157.2;10;9968129527;S
20240328;102414;157.2;10;9968129528;S
20240328;102414;157.2;10;9968129529;S
20240328;102414;157.2;40;9968129530;S
20240328;102414;157.2;10;9968129531;S
20240328;102414;157.2;10;9968129532;S
20240328;102414;157.2;20;9968129533;S
20240328;102414;157.2;10;9968129534;S
20240328;102414;157.2;10;9968129535;S
20240328;102414;157.2;10;9968129536;S
20240328;102414;157.2;200;9968129537;S
20240328;102414;157.2;700;9968129538;S
20240328;102414;157.2;20;9968129539;S
20240328;102414;157.2;300;9968129540;S
20240328;102414;157.2;10;9968129541;S
20240328;102414;157.2;500;9968129542;S
20240328;102414;157.2;8700;9968129543;S
20240328;102414;157.3;10;9968129567;B
20240328;102414;157.3;230;9968129573;B
20240328;102414;157.3;60;9968129574;B
20240328;102414;157.3;340;9968129575;B
20240328;102414;157.25;150;9968129586;S
20240328;102414;157.25;650;9968129587;S
20240328;102414;157.24;650;9968129588;S
20240328;102414;157.24;90;9968129590;S
20240328;102414;157.24;90;9968129591;S
20240328;102414;157.24;1080;9968129601;S
20240328;102414;157.23;800;9968129602;S
20240328;102414;157.22;520;9968129603;S
20240328;102414;157.22;680;9968129604;S
20240328;102414;157.22;270;9968129605;S
20240328;102414;157.22;960;9968129606;S
20240328;102414;157.21;120;9968129607;S
20240328;102415;157.25;300;9968130149;B
20240328;102415;157.26;1000;9968130150;B
20240328;102415;157.26;800;9968130151;B
20240328;102415;157.28;1000;9968130152;B
20240328;102415;157.28;800;9968130153;B
20240328;102415;157.28;320;9968130154;B
20240328;102415;157.31;100;9968130155;B
20240328;102415;157.31;1980;9968130156;B
20240328;102415;157.29;10;9968130201;B
20240328;102417;157.27;800;9968130458;S
20240328;102417;157.25;700;9968130459;S
20240328;102417;157.25;800;9968130460;S
20240328;102418;157.3;30;9968130631;B
20240328;102419;157.25;40;9968131266;S
20240328;102419;157.24;430;9968131267;S
20240328;102419;157.25;1500;9968131270;S
20240328;102420;157.24;570;9968131317;S
20240328;102420;157.24;230;9968131318;S
20240328;102426;157.28;10;9968134185;B
20240328;102426;157.25;10;9968134233;S
20240328;102427;157.25;10;9968134319;S
20240328;102427;157.25;100;9968134367;B
20240328;102428;157.24;10;9968134478;S
20240328;102428;157.24;320;9968134479;S
20240328;102428;157.23;380;9968134481;S
20240328;102429;157.24;100;9968134866;B
20240328;102431;157.24;70;9968135056;B
20240328;102431;157.24;30;9968135057;B
20240328;102431;157.24;150;9968135082;B
20240328;102434;157.24;10;9968136017;B
20240328;102435;157.24;100;9968136711;B
20240328;102436;157.24;40;9968136785;B
20240328;102436;157.24;10;9968136826;B
20240328;102438;157.24;10;9968136939;B
20240328;102441;157.24;20;9968137694;B
20240328;102441;157.23;500;9968137695;S
20240328;102442;157.23;120;9968138511;S
20240328;102442;157.23;1910;9968138512;S
20240328;102442;157.23;120;9968138513;S
20240328;102442;157.22;850;9968138514;S
20240328;102443;157.24;70;9968138767;B
20240328;102443;157.24;60;9968138781;B
20240328;102443;157.24;50;9968138811;B
20240328;102445;157.25;50;9968138956;B
20240328;102445;157.25;60;9968138978;B
20240328;102445;157.25;50;9968139027;B
20240328;102445;157.25;40;9968139072;B
20240328;102445;157.25;60;9968139103;B
20240328;102445;157.25;50;9968139118;B
20240328;102446;157.24;100;9968139306;S
20240328;102448;157.25;10;9968140001;B
20240328;102450;157.25;190;9968141100;B
20240328;102450;157.26;50;9968141101;B
20240328;102450;157.26;230;9968141102;B
20240328;102450;157.26;30;9968141103;B
20240328;102456;157.26;200;9968141958;B
20240328;102457;157.26;100;9968142823;B
20240328;102457;157.26;150;9968143133;B
20240328;102458;157.27;10;9968143750;B
20240328;102458;157.27;10;9968143782;B
20240328;102459;157.27;20;9968143794;B
20240328;102500;157.27;10;9968144061;B
20240328;102501;157.27;220;9968144437;B
20240328;102501;157.27;170;9968144438;B
20240328;102501;157.27;410;9968144439;B
20240328;102501;157.28;340;9968144440;B
20240328;102501;157.28;300;9968144441;B
20240328;102501;157.29;10;9968144442;B
20240328;102501;157.3;80;9968144443;B
20240328;102501;157.3;300;9968144444;B
20240328;102501;157.31;20;9968144445;B
20240328;102501;157.31;1150;9968144446;B
20240328;102502;157.27;800;9968144524;S
20240328;102502;157.27;300;9968144525;S
20240328;102506;157.27;30;9968145181;B
20240328;102507;157.27;40;9968145380;B
20240328;102512;157.26;10;9968146470;S
20240328;102517;157.27;40;9968148898;B
20240328;102518;157.27;50;9968148979;B
20240328;102520;157.27;10;9968149373;B
20240328;102520;157.27;10;9968149378;B
20240328;102528;157.27;20;9968152151;B
