<DATE>;<TIME>;<LAST>;<VOL>;<ID>;<OPER>
20240506;095938;155.31;10;10278922184;B
20240506;095938;155.31;10;10278922185;S
20240506;095938;155.31;10;10278922186;S
20240506;095938;155.31;50;10278922187;S
20240506;095938;155.31;50;10278922188;S
20240506;095938;155.31;10;10278922189;S
20240506;095938;155.31;10;10278922190;S
20240506;095938;155.31;560;10278922191;S
20240506;095938;155.31;300;10278922192;S
20240506;095938;155.31;10;10278922193;S
20240506;095938;155.31;260;10278922194;S
20240506;095938;155.31;40;10278922195;S
20240506;095938;155.31;20;10278922196;S
20240506;095938;155.31;670;10278922197;S
20240506;095938;155.31;10;10278922198;S
20240506;095938;155.31;1320;10278922199;S
20240506;095938;155.31;60;10278922200;S
20240506;095938;155.31;10;10278922201;S
20240506;095938;155.31;10;10278922202;S
20240506;095938;155.31;10;10278922203;S
20240506;095938;155.31;10;10278922204;S
20240506;095938;155.31;10;10278922205;S
20240506;095938;155.31;330;10278922206;S
20240506;095938;155.31;500;10278922207;S
20240506;095938;155.31;20;10278922208;S
20240506;095938;155.31;10;10278922209;S
20240506;095938;155.31;10;10278922210;S
20240506;095938;155.31;30;10278922211;S
20240506;095938;155.31;10;10278922212;S
20240506;095938;155.31;10;10278922213;S
20240506;095938;155.31;650;10278922214;S
20240506;095938;155.31;10;10278922215;S
20240506;095938;155.31;10;10278922216;S
20240506;095938;155.31;850;10278922217;B
20240506;095938;155.31;20;10278922218;S
20240506;095938;155.31;250;10278922219;S
20240506;095938;155.31;5000;10278922220;B
20240506;095938;155.31;2000;10278922221;B
20240506;095938;155.31;1000;10278922222;S
20240506;095938;155.31;10;10278922223;S
20240506;095938;155.31;10;10278922224;B
20240506;095938;155.31;100;10278922225;S
20240506;095938;155.31;30;10278922226;B
20240506;095938;155.31;10;10278922227;B
20240506;095938;155.31;50;10278922228;B
20240506;095938;155.31;150;10278922229;B
20240506;095938;155.31;20;10278922230;B
20240506;095938;155.31;30;10278922231;B
20240506;095938;155.31;10;10278922232;B
20240506;095938;155.31;30;10278922233;B
20240506;095938;155.31;10;10278922234;B
20240506;095938;155.31;50;10278922235;B
20240506;095938;155.31;60;10278922236;B
20240506;095938;155.31;20;10278922237;B
20240506;095938;155.31;10;10278922238;B
20240506;095938;155.31;10;10278922239;S
20240506;095938;155.31;100;10278922240;S
20240506;095938;155.31;10;10278922241;S
20240506;095938;155.31;60;10278922242;S
20240506;095938;155.31;10;10278922243;S
20240506;095938;155.31;20;10278922244;S
20240506;095938;155.31;150;10278922245;S
20240506;095938;155.31;20;10278922246;B
20240506;095938;155.31;10;10278922247;B
20240506;095938;155.31;10;10278922248;B
20240506;095938;155.31;50;10278922249;B
20240506;095938;155.31;110;10278922250;B
20240506;095938;155.31;10;10278922251;B
20240506;095938;155.31;20;10278922252;B
20240506;095938;155.31;10;10278922253;B
20240506;095938;155.31;10;10278922254;B
20240506;095938;155.31;50;10278922255;B
20240506;095938;155.31;10;10278922256;B
20240506;095938;155.31;80;10278922257;B
20240506;095938;155.31;280;10278922258;B
20240506;095938;155.31;290;10278922259;B
20240506;095938;155.31;10;10278922260;B
20240506;095938;155.31;10;10278922261;B
20240506;095938;155.31;60;10278922262;B
20240506;095938;155.31;10;10278922263;B
20240506;095938;155.31;30;10278922264;B
20240506;095938;155.31;10;10278922265;B
20240506;095938;155.31;10;10278922266;B
20240506;095938;155.31;5290;10278922267;B
20240506;095938;155.31;490;10278922268;B
20240506;095938;155.31;3000;10278922269;B
20240506;095938;155.31;60;10278922270;B
20240506;095938;155.31;1000;10278922271;B
20240506;095938;155.31;10;10278922272;B
20240506;095938;155.31;10;10278922273;B
20240506;095938;155.31;10;10278922274;B
20240506;095938;155.31;320;10278922275;B
20240506;095938;155.31;40;10278922276;B
20240506;095938;155.31;70;10278922277;B
20240506;095938;155.31;10;10278922278;B
20240506;095938;155.31;10;10278922279;B
20240506;095938;155.31;10;10278922280;B
20240506;095938;155.31;10;10278922281;B
20240506;095938;155.31;10;10278922282;B
20240506;095938;155.31;20;10278922283;B
20240506;095938;155.31;10;10278922284;B
20240506;095938;155.31;10;10278922285;B
20240506;095938;155.31;20;10278922286;B
20240506;095938;155.31;10;10278922287;B
20240506;095938;155.31;10000;10278922288;B
20240506;095938;155.31;10;10278922289;B
20240506;095938;155.31;10;10278922290;B
20240506;095938;155.31;10;10278922291;B
20240506;095938;155.31;600;10278922292;B
20240506;095938;155.31;50;10278922293;B
20240506;095938;155.31;10;10278922294;B
20240506;095938;155.31;100;10278922295;B
20240506;095938;155.31;10;10278922296;B
20240506;095938;155.31;10;10278922297;B
20240506;095938;155.31;90;10278922298;B
20240506;095938;155.31;130;10278922299;B
20240506;095938;155.31;10;10278922300;B
20240506;095938;155.31;30;10278922301;B
20240506;095938;155.31;10;10278922302;B
20240506;095938;155.31;10;10278922303;B
20240506;095938;155.31;10;10278922304;B
20240506;095938;155.31;70;10278922305;B
20240506;095938;155.31;10;10278922306;B
20240506;095938;155.31;60;10278922307;B
20240506;095938;155.31;10;10278922308;B
20240506;095938;155.31;10;10278922309;B
20240506;095938;155.31;10;10278922310;B
20240506;095938;155.31;10;10278922311;B
20240506;095938;155.31;10;10278922312;B
20240506;095938;155.31;30;10278922313;B
20240506;095938;155.31;30;10278922314;B
20240506;095938;155.31;10;10278922315;B
20240506;095938;155.31;60;10278922316;B
20240506;095938;155.31;130;10278922317;B
20240506;095938;155.31;60;10278922318;B
20240506;095938;155.31;70;10278922319;B
20240506;095938;155.31;10;10278922320;B
20240506;095938;155.31;180;10278922321;B
20240506;095938;155.31;40;10278922322;B
20240506;095938;155.31;50;10278922323;B
20240506;095938;155.31;10;10278922324;S
20240506;095938;155.31;30;10278922325;S
20240506;095938;155.31;120;10278922326;S
20240506;095938;155.31;30;10278922327;S
20240506;095938;155.31;30;10278922328;S
20240506;095938;155.31;130;10278922329;S
20240506;095938;155.31;10;10278922330;S
20240506;095938;155.31;30;10278922331;S
20240506;095938;155.31;90;10278922332;S
20240506;095938;155.31;10;10278922333;S
20240506;095938;155.31;10;10278922334;S
20240506;095938;155.31;70;10278922335;S
20240506;095938;155.31;10;10278922336;B
20240506;095938;155.31;20;10278922337;B
20240506;095938;155.31;40;10278922338;B
20240506;095938;155.31;40;10278922339;B
20240506;095938;155.31;30;10278922340;B
20240506;095938;155.31;520;10278922341;B
20240506;095938;155.31;40;10278922342;B
20240506;095938;155.31;20;10278922343;B
20240506;095938;155.31;20;10278922344;B
20240506;095938;155.31;40;10278922345;B
20240506;095938;155.31;240;10278922346;B
20240506;095938;155.31;30;10278922347;B
20240506;095938;155.31;10;10278922348;B
20240506;095938;155.31;20;10278922349;B
20240506;095938;155.31;10;10278922350;B
20240506;095938;155.31;30;10278922351;B
20240506;095938;155.31;10;10278922352;S
20240506;095938;155.31;10;10278922353;B
20240506;095938;155.31;10;10278922354;B
20240506;095938;155.31;10;10278922355;B
20240506;095938;155.31;10;10278922356;B
20240506;095938;155.31;30;10278922357;B
20240506;095938;155.31;50;10278922358;B
20240506;095938;155.31;300;10278922359;B
20240506;095938;155.31;10;10278922360;B
20240506;095938;155.31;30;10278922361;B
20240506;095938;155.31;50;10278922362;B
20240506;095938;155.31;10;10278922363;B
20240506;095938;155.31;30;10278922364;B
20240506;095938;155.31;10;10278922365;B
20240506;095938;155.31;810;10278922366;B
20240506;095938;155.31;190;10278922367;B
20240506;095938;155.31;30;10278922368;B
20240506;095938;155.31;1200;10278922369;B
20240506;095938;155.31;20;10278922370;B
20240506;095938;155.31;10;10278922371;B
20240506;095938;155.31;1250;10278922372;B
20240506;095938;155.31;30;10278922373;B
20240506;095938;155.31;30;10278922374;S
20240506;095938;155.31;10;10278922375;S
20240506;095938;155.31;10;10278922376;S
20240506;095938;155.31;6400;10278922377;S
20240506;095938;155.31;40;10278922378;S
20240506;095938;155.31;10;10278922379;S
20240506;095938;155.31;10;10278922380;B
20240506;095938;155.31;10;10278922381;B
20240506;095938;155.31;10;10278922382;B
20240506;095938;155.31;30;10278922383;B
20240506;095938;155.31;100;10278922384;B
20240506;095938;155.31;10;10278922385;B
20240506;095938;155.31;700;10278922386;B
20240506;095938;155.31;1000;10278922387;B
20240506;095938;155.31;100;10278922388;B
20240506;095938;155.31;10;10278922389;B
20240506;095938;155.31;10;10278922390;B
20240506;095938;155.31;20;10278922391;B
20240506;095938;155.31;80;10278922392;B
20240506;095938;155.31;10;10278922393;B
20240506;095938;155.31;20;10278922394;B
20240506;095938;155.31;10;10278922395;B
20240506;095938;155.31;30;10278922396;S
20240506;095938;155.31;10;10278922397;B
20240506;095938;155.31;20;10278922398;B
20240506;095938;155.31;20;10278922399;S
20240506;095938;155.31;340;10278922400;S
20240506;095938;155.31;110;10278922401;S
20240506;095938;155.31;40;10278922402;B
20240506;095938;155.31;20;10278922403;B
20240506;095938;155.31;1000;10278922404;B
20240506;095938;155.31;100;10278922405;B
20240506;095938;155.31;10;10278922406;B
20240506;095938;155.31;60;10278922407;B
20240506;095938;155.31;70;10278922408;B
20240506;095938;155.31;1000;10278922409;B
20240506;095938;155.31;1000;10278922410;B
20240506;095938;155.31;3710;10278922411;B
20240506;095938;155.31;80;10278922412;B
20240506;095938;155.31;10;10278922413;B
20240506;095938;155.31;150;10278922414;B
20240506;095938;155.31;20;10278922415;B
20240506;095938;155.31;40;10278922416;B
20240506;095938;155.31;1000;10278922417;B
20240506;095938;155.31;10;10278922418;B
20240506;095938;155.31;2000;10278922419;B
20240506;095938;155.31;60;10278922420;B
20240506;095938;155.31;50;10278922421;B
20240506;095938;155.31;10;10278922422;B
20240506;095938;155.31;280;10278922423;B
20240506;095938;155.31;210;10278922424;B
20240506;095938;155.31;20;10278922425;B
20240506;095938;155.31;30;10278922426;S
20240506;095938;155.31;10;10278922427;S
20240506;095938;155.31;10;10278922428;S
20240506;095938;155.31;1000;10278922429;B
20240506;095938;155.31;300;10278922430;B
20240506;095938;155.31;1000;10278922431;B
20240506;095938;155.31;1000;10278922432;B
20240506;095938;155.31;4000;10278922433;B
20240506;095938;155.31;150;10278922434;B
20240506;095938;155.31;10;10278922435;B
20240506;095938;155.31;840;10278922436;B
20240506;095938;155.31;20;10278922437;S
20240506;095938;155.31;140;10278922438;S
20240506;095938;155.31;70;10278922439;S
20240506;095938;155.31;1000;10278922440;S
20240506;095938;155.31;200;10278922441;S
20240506;095938;155.31;10;10278922442;S
20240506;095938;155.31;1000;10278922443;S
20240506;095938;155.31;20;10278922444;S
20240506;095938;155.31;100;10278922445;S
20240506;095938;155.31;460;10278922446;S
20240506;100000;155.32;2000;10278929573;S
20240506;100000;155.33;600;10278929575;B
20240506;100000;155.32;300;10278929660;B
20240506;100000;155.32;100;10278929667;B
20240506;100000;155.32;300;10278929683;B
20240506;100000;155.32;300;10278929701;S
20240506;100000;155.31;1150;10278929702;S
20240506;100000;155.31;20;10278929703;S
20240506;100000;155.31;13000;10278929704;S
20240506;100000;155.31;320;10278929705;S
20240506;100000;155.31;210;10278929706;S
20240506;100000;155.33;100;10278929707;B
20240506;100000;155.33;100;10278929718;B
20240506;100000;155.33;100;10278929732;B
20240506;100000;155.32;270;10278929820;B
20240506;100000;155.32;10;10278929891;B
20240506;100000;155.32;500;10278930121;B
20240506;100000;155.32;10;10278930211;B
20240506;100000;155.32;380;10278930215;B
20240506;100000;155.32;20;10278930252;B
20240506;100001;155.33;100;10278930628;B
20240506;100001;155.33;100;10278930629;B
20240506;100001;155.33;10;10278930630;B
20240506;100001;155.33;290;10278930631;B
20240506;100001;155.35;500;10278930655;B
20240506;100001;155.35;500;10278930657;B
20240506;100001;155.35;300;10278930658;B
20240506;100001;155.35;500;10278930748;B
20240506;100001;155.31;30;10278931062;S
20240506;100001;155.31;4620;10278931063;S
20240506;100001;155.31;970;10278931064;S
20240506;100001;155.31;520;10278931065;S
20240506;100001;155.31;300;10278931066;S
20240506;100001;155.3;20;10278931067;S
20240506;100001;155.3;50;10278931068;S
20240506;100001;155.3;390;10278931069;S
20240506;100001;155.3;610;10278931073;S
20240506;100001;155.3;3730;10278931074;S
20240506;100001;155.3;260;10278931075;S
20240506;100001;155.3;10;10278931076;S
20240506;100001;155.3;630;10278931077;S
20240506;100001;155.3;20;10278931078;S
20240506;100001;155.3;10;10278931079;S
20240506;100001;155.3;600;10278931080;S
20240506;100001;155.3;640;10278931081;S
20240506;100001;155.3;240;10278931082;S
20240506;100001;155.3;10;10278931083;S
20240506;100001;155.3;10;10278931084;S
20240506;100001;155.29;130;10278931085;S
20240506;100001;155.34;140;10278931278;B
20240506;100002;155.34;160;10278931769;B
20240506;100002;155.35;70;10278931770;B
20240506;100002;155.34;300;10278931986;B
20240506;100002;155.35;2130;10278931987;B
20240506;100002;155.36;430;10278931988;B
20240506;100002;155.4;1000;10278931989;B
20240506;100002;155.4;60;10278931990;B
20240506;100002;155.4;80;10278931991;B
20240506;100002;155.39;10;10278932126;B
20240506;100003;155.39;290;10278932394;B
20240506;100003;155.4;210;10278932395;B
20240506;100003;155.36;80;10278932644;B
20240506;100003;155.4;20;10278932649;B
20240506;100003;155.4;10;10278932670;B
20240506;100004;155.4;10;10278933134;B
20240506;100004;155.4;10;10278933137;B
20240506;100004;155.4;10;10278933139;B
20240506;100004;155.4;150;10278933145;B
20240506;100004;155.41;350;10278933146;B
20240506;100004;155.41;10;10278933158;B
20240506;100004;155.41;30;10278933163;B
20240506;100004;155.41;30;10278933179;B
20240506;100004;155.39;10;10278933199;S
20240506;100004;155.41;10;10278933201;B
20240506;100004;155.41;10;10278933203;B
20240506;100004;155.41;10;10278933205;B
20240506;100004;155.41;10;10278933207;B
20240506;100004;155.41;20;10278933215;B
20240506;100004;155.41;150;10278933218;B
20240506;100004;155.41;10;10278933226;B
20240506;100004;155.38;10;10278933229;S
20240506;100004;155.41;170;10278933230;B
20240506;100004;155.38;290;10278933235;S
20240506;100004;155.38;250;10278933236;S
20240506;100004;155.38;20;10278933238;S
20240506;100004;155.41;10;10278933240;B
20240506;100004;155.41;1960;10278933311;B
20240506;100004;155.41;320;10278933312;B
20240506;100004;155.44;200;10278933870;B
20240506;100004;155.45;40;10278933871;B
20240506;100004;155.48;50;10278933872;B
20240506;100004;155.49;100;10278933873;B
20240506;100004;155.49;110;10278933874;B
20240506;100004;155.49;10;10278933951;B
20240506;100004;155.49;20;10278933967;B
20240506;100004;155.44;290;10278933979;S
20240506;100004;155.48;10;10278933986;B
20240506;100004;155.49;10;10278933990;B
20240506;100004;155.44;20;10278934000;S
20240506;100004;155.49;100;10278934005;B
20240506;100004;155.49;10;10278934014;B
20240506;100005;155.48;10;10278934020;B
20240506;100005;155.49;10;10278934030;B
20240506;100005;155.49;10;10278934040;B
20240506;100005;155.48;10;10278934105;B
20240506;100005;155.48;10;10278934112;B
20240506;100005;155.48;10;10278934144;B
20240506;100005;155.48;10;10278934145;B
20240506;100005;155.48;120;10278934148;B
20240506;100005;155.49;10;10278934156;B
20240506;100005;155.48;10;10278934162;B
20240506;100005;155.44;20;10278934164;S
20240506;100005;155.48;20;10278934187;B
20240506;100005;155.48;30;10278934188;B
20240506;100005;155.49;10;10278934195;B
20240506;100005;155.44;80;10278934201;S
20240506;100005;155.49;20;10278934203;B
20240506;100005;155.48;40;10278934206;B
20240506;100005;155.48;10;10278934208;B
20240506;100005;155.48;20;10278934220;B
20240506;100005;155.49;10;10278934225;B
20240506;100005;155.43;10;10278934229;S
20240506;100005;155.43;10;10278934232;S
20240506;100005;155.44;10;10278934235;S
20240506;100005;155.49;320;10278934237;B
20240506;100005;155.48;230;10278934245;B
20240506;100005;155.49;100;10278934265;B
20240506;100005;155.49;100;10278934281;B
20240506;100005;155.49;60;10278934285;B
20240506;100005;155.49;10;10278934309;B
20240506;100005;155.49;10;10278934322;B
20240506;100005;155.44;10;10278934324;S
20240506;100005;155.49;10;10278934327;B
20240506;100005;155.49;10;10278934332;B
20240506;100005;155.49;10;10278934338;B
20240506;100005;155.49;10;10278934344;B
20240506;100005;155.49;10;10278934351;B
20240506;100005;155.49;10;10278934359;B
20240506;100005;155.49;10;10278934369;B
20240506;100005;155.49;30;10278934370;B
20240506;100005;155.44;10;10278934374;S
20240506;100005;155.49;20;10278934376;B
20240506;100005;155.49;10;10278934390;B
20240506;100005;155.49;20;10278934395;B
20240506;100005;155.49;20;10278934403;B
20240506;100005;155.49;10;10278934406;B
20240506;100005;155.44;1140;10278934409;S
20240506;100005;155.44;480;10278934410;S
20240506;100005;155.49;20;10278934412;B
20240506;100005;155.48;10;10278934415;B
20240506;100005;155.49;10;10278934419;B
20240506;100005;155.43;60;10278934421;S
20240506;100005;155.49;10;10278934432;B
20240506;100005;155.43;50;10278934433;S
20240506;100005;155.49;10;10278934438;B
20240506;100005;155.43;10;10278934446;S
20240506;100005;155.49;10;10278934447;B
20240506;100005;155.49;10;10278934453;B
20240506;100005;155.49;40;10278934461;B
20240506;100005;155.49;40;10278934469;B
20240506;100005;155.49;10;10278934586;B
20240506;100005;155.43;10;10278934597;S
20240506;100005;155.49;30;10278934610;B
20240506;100005;155.49;20;10278934611;B
20240506;100005;155.49;70;10278934612;B
20240506;100005;155.5;40;10278934613;B
20240506;100005;155.43;10;10278934620;S
20240506;100005;155.5;10;10278934625;B
20240506;100005;155.5;40;10278934631;B
20240506;100005;155.5;10;10278934634;B
20240506;100005;155.5;10;10278934637;B
20240506;100005;155.5;10;10278934643;B
20240506;100005;155.5;640;10278934650;B
20240506;100005;155.5;240;10278934665;B
20240506;100005;155.5;60;10278934666;B
20240506;100005;155.5;980;10278934667;B
20240506;100005;155.44;50;10278934806;S
20240506;100005;155.44;250;10278934937;S
20240506;100005;155.44;1620;10278934938;S
20240506;100005;155.44;400;10278934939;S
20240506;100005;155.44;730;10278934940;S
20240506;100005;155.5;20;10278935030;B
20240506;100005;155.5;10;10278935031;B
20240506;100005;155.5;470;10278935032;B
20240506;100005;155.5;190;10278935224;B
20240506;100005;155.5;10;10278935465;B
20240506;100005;155.5;10;10278935549;B
20240506;100005;155.5;10;10278935623;B
20240506;100005;155.44;10;10278935711;S
20240506;100005;155.5;120;10278935723;B
20240506;100005;155.44;10;10278935731;S
20240506;100005;155.44;60;10278935736;S
20240506;100005;155.5;10;10278935742;B
20240506;100005;155.5;50;10278935749;B
20240506;100005;155.44;20;10278935771;S
20240506;100005;155.44;10;10278935778;S
20240506;100005;155.5;10;10278935787;B
20240506;100005;155.5;50;10278935875;B
20240506;100005;155.44;30;10278935907;S
20240506;100005;155.5;30;10278935955;B
20240506;100005;155.44;160;10278936103;S
20240506;100005;155.44;840;10278936104;S
20240506;100005;155.5;20;10278936198;B
20240506;100005;155.5;20;10278936200;B
20240506;100005;155.5;10;10278936243;B
20240506;100005;155.5;10;10278936264;B
20240506;100006;155.5;70;10278936914;B
20240506;100006;155.45;20;10278936933;S
20240506;100006;155.5;10;10278936937;B
20240506;100006;155.5;50;10278937076;B
20240506;100006;155.5;10;10278937086;B
20240506;100006;155.45;10;10278937095;S
20240506;100006;155.5;10;10278937108;B
20240506;100006;155.5;10;10278937117;B
20240506;100006;155.45;10;10278937123;S
20240506;100006;155.45;20;10278937136;S
20240506;100006;155.45;20;10278937142;S
20240506;100006;155.45;10;10278937150;S
20240506;100006;155.45;80;10278937159;S
20240506;100006;155.49;10;10278937161;B
20240506;100006;155.49;10;10278937167;B
20240506;100006;155.49;10;10278937171;B
20240506;100006;155.49;10;10278937178;B
20240506;100006;155.45;40;10278937186;S
20240506;100006;155.45;120;10278937192;S
20240506;100006;155.45;10;10278937336;S
20240506;100006;155.45;10;10278937337;S
20240506;100006;155.45;10;10278937345;S
20240506;100006;155.43;180;10278937346;S
20240506;100006;155.49;10;10278937353;B
20240506;100006;155.43;10;10278937354;S
20240506;100006;155.43;240;10278937360;S
20240506;100006;155.49;10;10278937368;B
20240506;100006;155.43;50;10278937372;S
20240506;100006;155.43;10;10278937377;S
20240506;100006;155.49;20;10278937378;B
20240506;100006;155.49;200;10278937389;B
20240506;100006;155.49;10;10278937390;B
20240506;100006;155.43;200;10278937397;S
20240506;100006;155.49;10;10278937402;B
20240506;100006;155.43;40;10278937407;S
20240506;100006;155.5;10;10278937408;B
20240506;100006;155.43;300;10278937417;S
20240506;100006;155.49;10;10278937420;B
20240506;100006;155.49;10;10278937427;B
20240506;100006;155.49;20;10278937428;B
20240506;100006;155.49;10;10278937429;B
20240506;100006;155.49;10;10278937437;B
20240506;100006;155.49;20;10278937438;B
20240506;100006;155.43;10;10278937439;S
20240506;100006;155.43;10;10278937451;S
20240506;100006;155.49;10;10278937471;B
20240506;100006;155.49;20;10278937476;B
20240506;100006;155.43;1600;10278937481;S
20240506;100006;155.49;10;10278937495;B
20240506;100006;155.49;10;10278937498;B
20240506;100006;155.43;30;10278937507;S
20240506;100006;155.49;20;10278937509;B
20240506;100006;155.43;10;10278937511;S
20240506;100006;155.49;10;10278937519;B
20240506;100006;155.49;10;10278937530;B
20240506;100006;155.49;10;10278937534;B
20240506;100006;155.43;210;10278937569;S
20240506;100006;155.49;30;10278937586;B
20240506;100006;155.49;10;10278937608;B
20240506;100006;155.49;10;10278937621;B
20240506;100006;155.49;10;10278937633;B
20240506;100006;155.43;10;10278937645;S
20240506;100006;155.43;10;10278937761;S
20240506;100006;155.49;20;10278938490;B
20240506;100006;155.49;10;10278938572;B
20240506;100006;155.49;10;10278938659;B
20240506;100006;155.43;190;10278938673;S
20240506;100006;155.49;10;10278938682;B
20240506;100006;155.43;10;10278938687;S
20240506;100006;155.49;10;10278938702;B
20240506;100006;155.49;10;10278938711;B
20240506;100006;155.49;10;10278938718;B
20240506;100006;155.49;10;10278938733;B
20240506;100006;155.49;10;10278938736;B
20240506;100006;155.43;30;10278938747;S
20240506;100006;155.43;10;10278938766;S
20240506;100006;155.49;10;10278938781;B
20240506;100006;155.49;10;10278938792;B
20240506;100006;155.49;10;10278938817;B
20240506;100006;155.49;10;10278938834;B
20240506;100006;155.43;20;10278938845;S
20240506;100006;155.49;10;10278938856;B
20240506;100006;155.43;30;10278938895;S
20240506;100006;155.49;10;10278938971;B
20240506;100006;155.43;390;10278939125;S
20240506;100006;155.46;10;10278939223;B
20240506;100006;155.46;10;10278939232;B
20240506;100006;155.43;10;10278939233;S
20240506;100006;155.46;10;10278939240;B
20240506;100006;155.43;10;10278939251;S
20240506;100006;155.46;100;10278939254;B
20240506;100006;155.43;10;10278939262;S
20240506;100006;155.46;10;10278939265;B
20240506;100006;155.46;10;10278939273;B
20240506;100006;155.46;10;10278939282;B
20240506;100006;155.46;30;10278939290;B
20240506;100006;155.46;10;10278939294;B
20240506;100006;155.46;100;10278939305;B
20240506;100006;155.43;10;10278939311;S
20240506;100006;155.46;10;10278939318;B
20240506;100006;155.43;10;10278939320;S
20240506;100006;155.43;120;10278939332;S
20240506;100006;155.46;20;10278939338;B
20240506;100006;155.46;10;10278939343;B
20240506;100006;155.46;10;10278939378;B
20240506;100006;155.46;10;10278939401;B
20240506;100006;155.46;10;10278939422;B
20240506;100006;155.46;10;10278939446;B
20240506;100006;155.46;20;10278939468;B
20240506;100006;155.46;10;10278939498;B
20240506;100007;155.43;30;10278940179;S
20240506;100007;155.46;10;10278940201;B
20240506;100007;155.46;40;10278940207;B
20240506;100007;155.46;30;10278940213;B
20240506;100007;155.46;10;10278940216;B
20240506;100007;155.43;150;10278940220;S
20240506;100007;155.46;120;10278940224;B
20240506;100007;155.43;10;10278940227;S
20240506;100007;155.46;10;10278940231;B
20240506;100007;155.46;10;10278940245;B
20240506;100007;155.46;10;10278941057;B
20240506;100007;155.43;150;10278941116;S
20240506;100007;155.43;90;10278941119;S
20240506;100007;155.46;30;10278941120;B
20240506;100007;155.46;10;10278941122;B
20240506;100007;155.46;10;10278941123;B
20240506;100007;155.46;10;10278941124;B
20240506;100007;155.46;10;10278941125;B
20240506;100007;155.43;10;10278941132;S
20240506;100007;155.46;10;10278941133;B
20240506;100007;155.46;10;10278941134;B
20240506;100007;155.46;10;10278941138;B
20240506;100007;155.43;300;10278941142;S
20240506;100007;155.46;10;10278941143;B
20240506;100007;155.43;190;10278941144;S
20240506;100007;155.46;30;10278941259;B
20240506;100007;155.43;10;10278941262;S
20240506;100007;155.46;10;10278941264;B
20240506;100007;155.46;10;10278941269;B
20240506;100007;155.46;20;10278941273;B
20240506;100007;155.46;90;10278941277;B
20240506;100007;155.43;10;10278941278;S
20240506;100007;155.46;10;10278941279;B
20240506;100007;155.43;10;10278941284;S
20240506;100007;155.46;50;10278941286;B
20240506;100007;155.46;50;10278941289;B
20240506;100007;155.46;20;10278941293;B
20240506;100007;155.46;10;10278941294;B
20240506;100007;155.46;10;10278941297;B
20240506;100007;155.46;10;10278941298;B
20240506;100007;155.44;40;10278941300;S
20240506;100008;155.46;10;10278942252;B
20240506;100008;155.46;30;10278942256;B
20240506;100008;155.46;10;10278942260;B
20240506;100008;155.46;10;10278942371;B
20240506;100008;155.44;20;10278942377;S
20240506;100008;155.44;10;10278942378;S
20240506;100008;155.44;30;10278942382;S
20240506;100008;155.46;10;10278942386;B
20240506;100008;155.46;10;10278942388;B
20240506;100008;155.46;10;10278942390;B
20240506;100008;155.46;10;10278942393;B
20240506;100008;155.44;150;10278942398;S
20240506;100008;155.44;40;10278942401;S
20240506;100008;155.46;10;10278942406;B
20240506;100008;155.44;10;10278942411;S
20240506;100008;155.44;40;10278942412;S
20240506;100008;155.46;10;10278942413;B
20240506;100008;155.46;820;10278942416;B
20240506;100008;155.47;550;10278942417;B
20240506;100008;155.49;1160;10278942418;B
20240506;100008;155.5;270;10278942419;B
20240506;100008;155.5;30;10278942421;B
20240506;100008;155.43;10;10278942424;S
20240506;100008;155.49;10;10278942431;B
20240506;100008;155.49;20;10278942445;B
20240506;100008;155.49;20;10278942466;B
20240506;100008;155.43;100;10278942490;S
20240506;100008;155.43;10;10278942899;S
20240506;100008;155.49;10;10278942901;B
20240506;100008;155.43;60;10278942903;S
20240506;100008;155.48;190;10278942904;B
20240506;100008;155.49;10;10278942905;B
20240506;100008;155.49;10;10278942906;B
20240506;100008;155.44;10;10278942908;S
20240506;100008;155.49;10;10278942910;B
20240506;100008;155.49;10;10278942911;B
20240506;100008;155.49;10;10278942912;B
20240506;100008;155.49;10;10278942916;B
20240506;100008;155.49;10;10278942918;B
20240506;100008;155.43;2000;10278942919;S
20240506;100008;155.49;10;10278942920;B
20240506;100008;155.49;10;10278942921;B
20240506;100008;155.43;10;10278942922;S
20240506;100008;155.43;10;10278942923;S
20240506;100008;155.43;10;10278942925;S
20240506;100008;155.5;10;10278942930;B
20240506;100008;155.5;10;10278942931;B
20240506;100008;155.5;10;10278942932;B
20240506;100008;155.5;20;10278942933;B
20240506;100008;155.5;10;10278942934;B
20240506;100008;155.49;10;10278942994;B
20240506;100008;155.48;10;10278943209;B
20240506;100008;155.49;10;10278943631;B
20240506;100008;155.49;10;10278943632;B
20240506;100008;155.49;10;10278943635;B
20240506;100008;155.43;10;10278943636;S
20240506;100008;155.43;10;10278943637;S
20240506;100008;155.43;10;10278943638;S
20240506;100008;155.49;190;10278943642;B
20240506;100008;155.43;190;10278943643;S
20240506;100008;155.49;10;10278943645;B
20240506;100008;155.49;10;10278943647;B
20240506;100008;155.43;110;10278943651;S
20240506;100008;155.49;30;10278943653;B
20240506;100009;155.49;20;10278944313;B
20240506;100009;155.43;10;10278944316;S
20240506;100009;155.49;10;10278944318;B
20240506;100009;155.49;10;10278944324;B
20240506;100009;155.49;120;10278944328;B
20240506;100009;155.43;10;10278944336;S
20240506;100009;155.49;10;10278944337;B
20240506;100009;155.49;10;10278944338;B
20240506;100009;155.43;100;10278944341;S
20240506;100009;155.49;10;10278944344;B
20240506;100009;155.49;10;10278944346;B
20240506;100009;155.49;10;10278944348;B
20240506;100009;155.49;10;10278944350;B
20240506;100009;155.49;150;10278944353;B
20240506;100009;155.43;10;10278944354;S
20240506;100009;155.49;10;10278944356;B
20240506;100009;155.43;10;10278944358;S
20240506;100009;155.43;100;10278944360;S
20240506;100009;155.49;10;10278944541;B
20240506;100009;155.43;30;10278944669;S
20240506;100009;155.49;10;10278944671;B
20240506;100009;155.49;10;10278944672;B
20240506;100009;155.43;10;10278944674;S
20240506;100009;155.49;50;10278944677;B
20240506;100009;155.49;10;10278944679;B
20240506;100009;155.49;10;10278944681;B
20240506;100009;155.49;10;10278944683;B
20240506;100009;155.49;10;10278944685;B
20240506;100009;155.43;10;10278944687;S
20240506;100009;155.49;80;10278944689;B
20240506;100009;155.49;20;10278944691;B
20240506;100009;155.49;40;10278944693;B
20240506;100009;155.49;10;10278944694;B
20240506;100009;155.49;10;10278944697;B
20240506;100009;155.49;10;10278944700;B
20240506;100009;155.49;10;10278944702;B
20240506;100009;155.49;10;10278944705;B
20240506;100009;155.49;10;10278944706;B
20240506;100009;155.43;10;10278944708;S
20240506;100009;155.49;180;10278944812;B
20240506;100010;155.43;20;10278945272;S
20240506;100010;155.49;10;10278945325;B
20240506;100010;155.49;10;10278945327;B
20240506;100010;155.49;10;10278945328;B
20240506;100010;155.49;10;10278945329;B
20240506;100010;155.49;10;10278945330;B
20240506;100010;155.49;10;10278945331;B
20240506;100010;155.49;10;10278945332;B
20240506;100010;155.49;10;10278945333;B
20240506;100010;155.49;10;10278945334;B
20240506;100010;155.49;20;10278945336;B
20240506;100010;155.43;10;10278945338;S
20240506;100010;155.49;10;10278945342;B
20240506;100010;155.43;20;10278945343;S
20240506;100010;155.43;10;10278945345;S
20240506;100010;155.43;70;10278945690;S
20240506;100010;155.47;10;10278945744;B
20240506;100010;155.47;10;10278945763;B
20240506;100010;155.47;20;10278945886;B
20240506;100010;155.48;10;10278945895;B
20240506;100010;155.44;10;10278945899;S
20240506;100010;155.48;10;10278945914;B
20240506;100010;155.44;180;10278945919;S
20240506;100010;155.48;2000;10278945920;B
20240506;100010;155.48;510;10278945921;B
20240506;100010;155.49;390;10278945922;B
20240506;100010;155.48;10;10278945926;B
20240506;100010;155.48;10;10278945933;B
20240506;100010;155.48;10;10278945938;B
20240506;100010;155.48;10;10278945941;B
20240506;100010;155.48;10;10278945969;B
20240506;100010;155.48;10;10278945979;B
20240506;100010;155.48;30;10278945981;B
20240506;100010;155.48;10;10278945987;B
20240506;100010;155.48;10;10278945996;B
20240506;100010;155.48;10;10278946001;B
20240506;100010;155.44;50;10278946006;S
20240506;100010;155.48;10;10278946011;B
20240506;100010;155.44;250;10278946016;S
20240506;100010;155.43;250;10278946017;S
20240506;100010;155.43;10;10278946018;S
20240506;100010;155.44;10;10278946023;S
20240506;100010;155.48;130;10278946109;B
20240506;100010;155.48;10;10278946409;B
20240506;100010;155.48;40;10278946421;B
20240506;100010;155.48;10;10278946425;B
20240506;100010;155.48;10;10278946427;B
20240506;100010;155.48;20;10278946428;B
20240506;100010;155.44;10;10278946431;S
20240506;100010;155.48;10;10278946434;B
20240506;100010;155.48;10;10278946436;B
20240506;100010;155.48;10;10278946437;B
20240506;100010;155.48;10;10278946445;B
20240506;100010;155.48;10;10278946449;B
20240506;100010;155.48;10;10278946454;B
20240506;100010;155.48;400;10278946458;B
20240506;100010;155.48;10;10278946461;B
20240506;100010;155.48;10;10278946467;B
20240506;100010;155.48;10;10278946468;B
20240506;100010;155.48;10;10278946473;B
20240506;100010;155.48;10;10278946475;B
20240506;100010;155.5;10;10278946714;B
20240506;100011;155.5;160;10278946784;B
20240506;100011;155.5;700;10278947106;B
20240506;100011;155.5;100;10278947118;B
20240506;100011;155.5;10;10278947313;B
20240506;100011;155.45;70;10278947323;S
20240506;100011;155.5;400;10278947331;B
20240506;100011;155.5;10;10278947398;B
20240506;100012;155.5;10;10278947560;B
20240506;100013;155.5;10;10278947715;B
20240506;100013;155.5;10;10278947746;B
20240506;100014;155.5;10;10278948137;B
20240506;100014;155.5;170;10278948138;B
20240506;100014;155.49;10;10278948167;S
20240506;100014;155.49;40;10278948191;S
20240506;100015;155.49;450;10278948352;S
20240506;100015;155.48;550;10278948353;S
20240506;100015;155.49;10;10278948379;B
20240506;100015;155.49;10;10278948430;B
20240506;100015;155.5;100;10278948552;B
20240506;100015;155.5;140;10278948553;B
20240506;100016;155.5;10;10278948674;B
20240506;100016;155.5;10;10278948804;B
20240506;100016;155.5;490;10278948829;B
20240506;100016;155.5;10;10278948832;B
20240506;100017;155.5;30;10278948878;B
20240506;100017;155.5;10;10278948885;B
20240506;100017;155.48;1690;10278948976;S
20240506;100017;155.48;100;10278948994;S
20240506;100018;155.49;100;10278949130;B
20240506;100018;155.49;900;10278949144;B
20240506;100018;155.49;300;10278949145;B
20240506;100018;155.49;580;10278949146;B
20240506;100018;155.5;260;10278949147;B
20240506;100019;155.5;50;10278949550;B
20240506;100019;155.48;140;10278949553;S
20240506;100019;155.49;10;10278949580;B
20240506;100019;155.49;20;10278949653;B
20240506;100020;155.48;250;10278949922;S
20240506;100021;155.49;250;10278950117;B
20240506;100021;155.48;480;10278950131;S
20240506;100021;155.44;580;10278950132;S
20240506;100021;155.43;1600;10278950133;S
20240506;100021;155.42;240;10278950134;S
20240506;100021;155.41;240;10278950135;S
20240506;100021;155.4;240;10278950136;S
20240506;100021;155.4;200;10278950137;S
20240506;100021;155.4;300;10278950138;S
20240506;100021;155.39;240;10278950139;S
20240506;100021;155.38;240;10278950140;S
20240506;100021;155.37;240;10278950141;S
20240506;100021;155.37;400;10278950142;S
20240506;100021;155.48;340;10278950182;B
20240506;100021;155.48;890;10278950183;B
20240506;100021;155.48;100;10278950199;B
20240506;100021;155.43;300;10278950265;S
20240506;100021;155.42;700;10278950266;S
20240506;100021;155.42;430;10278950267;S
20240506;100022;155.39;60;10278950327;S
20240506;100022;155.4;10;10278950431;S
20240506;100022;155.39;20;10278950500;S
20240506;100022;155.47;40;10278950589;B
20240506;100023;155.46;20;10278950797;B
20240506;100024;155.46;200;10278951253;B
20240506;100025;155.41;250;10278951518;S
20240506;100025;155.41;270;10278951588;S
20240506;100025;155.46;80;10278951593;B
20240506;100025;155.47;20;10278951594;B
20240506;100026;155.46;60;10278951674;B
20240506;100026;155.46;20;10278951700;B
20240506;100026;155.41;540;10278951837;S
20240506;100027;155.46;10;10278952155;B
20240506;100027;155.46;210;10278952211;B
20240506;100027;155.47;290;10278952212;B
20240506;100028;155.46;70;10278952310;B
20240506;100028;155.46;100;10278952523;B
20240506;100029;155.42;1540;10278952634;S
20240506;100029;155.42;510;10278952635;S
20240506;100029;155.42;1990;10278952636;B
20240506;100029;155.46;300;10278952671;B
20240506;100029;155.47;1630;10278952672;B
20240506;100029;155.47;10;10278952673;B
20240506;100029;155.47;1240;10278952674;B
20240506;100029;155.48;15820;10278952675;B
20240506;100029;155.42;2500;10278952684;S
20240506;100029;155.4;10;10278952685;S
20240506;100029;155.4;300;10278952686;S
20240506;100029;155.39;1000;10278952687;S
20240506;100029;155.39;10;10278952688;S
20240506;100029;155.39;10;10278952689;S
20240506;100029;155.39;630;10278952690;S
20240506;100029;155.38;2870;10278952691;S
20240506;100029;155.39;300;10278952692;S
20240506;100029;155.38;300;10278952693;S
20240506;100029;155.38;10;10278952740;B
20240506;100030;155.38;20;10278952750;B
20240506;100030;155.38;10;10278952758;B
20240506;100030;155.38;60;10278952965;B
20240506;100031;155.38;60;10278953164;B
20240506;100031;155.37;3970;10278953179;S
20240506;100031;155.38;10;10278953266;B
20240506;100032;155.37;210;10278953336;S
20240506;100032;155.37;100;10278953398;S
20240506;100032;155.38;320;10278953465;B
20240506;100032;155.38;20;10278953496;B
20240506;100033;155.38;250;10278953688;B
20240506;100033;155.38;10;10278953744;B
20240506;100034;155.37;300;10278953832;S
20240506;100034;155.38;10;10278953838;B
20240506;100034;155.37;10;10278953987;S
20240506;100035;155.37;10;10278954205;S
20240506;100035;155.37;560;10278954206;S
20240506;100035;155.38;200;10278954207;B
20240506;100035;155.38;330;10278954211;B
20240506;100035;155.38;40;10278954310;B
20240506;100036;155.37;30;10278954406;S
20240506;100036;155.37;120;10278954407;S
20240506;100036;155.38;50;10278954466;B
20240506;100036;155.45;270;10278954467;B
20240506;100036;155.45;300;10278954517;B
20240506;100036;155.46;50;10278954579;B
20240506;100036;155.46;30;10278954604;B
20240506;100036;155.46;10;10278954605;B
20240506;100036;155.46;300;10278954606;B
20240506;100036;155.47;500;10278954607;B
20240506;100036;155.47;110;10278954608;B
20240506;100036;155.48;50;10278954609;B
20240506;100036;155.47;300;10278954610;B
20240506;100037;155.47;300;10278954687;B
20240506;100037;155.48;400;10278954688;B
20240506;100037;155.45;10;10278954691;S
20240506;100037;155.47;10;10278954763;B
20240506;100037;155.45;30;10278954893;S
20240506;100037;155.45;120;10278954957;S
20240506;100037;155.38;1010;10278954958;S
20240506;100037;155.38;1000;10278954959;S
20240506;100037;155.38;1940;10278954960;S
20240506;100037;155.38;240;10278954961;S
20240506;100037;155.38;300;10278954962;S
20240506;100037;155.37;1390;10278954963;S
20240506;100037;155.4;300;10278954977;S
20240506;100038;155.4;2200;10278955045;S
20240506;100038;155.4;400;10278955046;S
20240506;100038;155.4;200;10278955047;S
20240506;100038;155.45;10;10278955053;B
20240506;100038;155.4;720;10278955210;S
20240506;100038;155.4;20;10278955214;S
20240506;100038;155.44;1160;10278955217;B
20240506;100038;155.44;300;10278955218;B
20240506;100038;155.45;2020;10278955219;B
20240506;100038;155.46;630;10278955220;B
20240506;100039;155.47;100;10278955328;B
20240506;100039;155.47;500;10278955329;B
20240506;100039;155.47;100;10278955330;B
20240506;100039;155.47;300;10278955331;B
20240506;100039;155.47;2020;10278955332;B
20240506;100039;155.47;1160;10278955333;B
20240506;100039;155.48;5820;10278955334;B
20240506;100039;155.48;300;10278955453;B
20240506;100040;155.46;220;10278955613;S
20240506;100040;155.46;100;10278955638;S
20240506;100040;155.48;10;10278955688;B
20240506;100041;155.48;10;10278955999;B
20240506;100042;155.46;10;10278956129;S
20240506;100042;155.46;20;10278956224;S
20240506;100043;155.46;1530;10278956368;S
20240506;100043;155.47;20;10278956379;B
20240506;100043;155.46;40;10278956389;S
20240506;100044;155.47;1180;10278956727;B
20240506;100044;155.47;560;10278956728;B
20240506;100044;155.46;450;10278956897;S
20240506;100045;155.47;50;10278957017;B
20240506;100045;155.47;20;10278957184;B
20240506;100045;155.47;20;10278957191;B
20240506;100046;155.47;10;10278957353;B
20240506;100047;155.47;2000;10278957497;B
20240506;100047;155.46;40;10278957498;S
20240506;100047;155.47;900;10278957529;B
20240506;100047;155.48;1100;10278957530;B
20240506;100048;155.48;140;10278957677;B
20240506;100048;155.48;10;10278957980;B
20240506;100049;155.47;500;10278958204;S
20240506;100049;155.46;3030;10278958205;S
20240506;100050;155.47;20;10278958286;B
20240506;100050;155.46;10;10278958411;S
20240506;100050;155.47;250;10278958421;B
20240506;100050;155.46;300;10278958450;S
20240506;100051;155.48;10;10278958582;B
20240506;100051;155.46;140;10278958789;S
20240506;100051;155.46;10;10278958790;S
20240506;100051;155.42;300;10278958791;S
20240506;100051;155.42;300;10278958792;S
20240506;100051;155.41;30;10278958793;S
20240506;100051;155.41;10;10278958794;S
20240506;100051;155.47;10;10278958798;B
20240506;100052;155.47;40;10278958930;B
20240506;100052;155.47;10;10278959016;B
20240506;100053;155.41;100;10278959207;S
20240506;100054;155.47;560;10278959433;B
20240506;100054;155.47;30;10278959553;B
20240506;100055;155.41;320;10278959682;S
20240506;100055;155.45;10;10278959755;B
20240506;100055;155.45;10;10278959807;B
20240506;100056;155.45;10;10278960049;B
20240506;100057;155.45;20;10278960270;B
20240506;100057;155.45;130;10278960306;B
20240506;100058;155.45;830;10278960568;B
20240506;100058;155.45;150;10278960582;B
20240506;100058;155.45;30;10278960588;B
20240506;100059;155.45;30;10278960623;B
20240506;100059;155.45;10;10278960720;B
20240506;100100;155.45;20;10278961001;B
20240506;100100;155.46;10;10278961179;B
20240506;100100;155.46;10;10278961260;B
20240506;100100;155.46;20;10278961281;B
20240506;100100;155.46;10;10278961327;B
20240506;100102;155.43;10;10278961703;S
20240506;100102;155.43;290;10278961847;S
20240506;100102;155.43;590;10278961848;S
20240506;100102;155.42;880;10278961849;S
20240506;100102;155.45;10;10278961852;B
20240506;100102;155.46;10;10278961853;B
20240506;100102;155.46;40;10278961854;B
20240506;100102;155.43;300;10278961872;S
20240506;100102;155.42;160;10278961873;S
20240506;100104;155.46;100;10278962183;B
20240506;100104;155.46;40;10278962299;B
20240506;100104;155.45;20;10278962405;S
20240506;100104;155.45;10;10278962406;S
20240506;100104;155.43;170;10278962407;S
20240506;100106;155.42;400;10278962615;S
20240506;100106;155.42;300;10278962616;S
20240506;100106;155.46;20;10278962636;B
20240506;100106;155.46;60;10278962712;B
20240506;100106;155.46;10;10278962721;B
20240506;100106;155.46;20;10278962759;B
20240506;100108;155.46;130;10278963091;B
20240506;100108;155.45;10;10278963148;S
20240506;100108;155.41;10;10278963149;S
20240506;100111;155.45;10;10278963746;S
20240506;100111;155.45;100;10278963747;S
20240506;100111;155.45;100;10278963748;S
20240506;100111;155.43;90;10278963749;S
20240506;100112;155.45;380;10278963782;B
20240506;100112;155.42;40;10278963786;S
20240506;100113;155.44;30;10278963976;B
20240506;100113;155.44;450;10278964065;B
20240506;100114;155.44;550;10278964189;B
20240506;100114;155.45;130;10278964190;B
20240506;100114;155.45;3500;10278964233;B
20240506;100114;155.46;580;10278964234;B
20240506;100114;155.46;1000;10278964235;B
20240506;100114;155.46;1060;10278964236;B
20240506;100114;155.46;550;10278964237;B
20240506;100114;155.47;100;10278964238;B
20240506;100114;155.47;2000;10278964239;B
20240506;100114;155.47;40;10278964240;B
20240506;100114;155.48;430;10278964241;B
20240506;100114;155.48;10;10278964268;B
20240506;100115;155.48;10;10278964376;B
20240506;100115;155.47;10;10278964469;B
20240506;100116;155.47;90;10278964674;B
20240506;100116;155.47;50;10278964675;B
20240506;100116;155.48;260;10278964676;B
20240506;100118;155.47;50;10278965125;B
20240506;100118;155.46;50;10278965254;S
20240506;100118;155.46;50;10278965255;S
20240506;100118;155.46;60;10278965256;S
20240506;100118;155.45;300;10278965257;S
20240506;100118;155.44;1140;10278965258;S
20240506;100118;155.44;560;10278965259;S
20240506;100118;155.44;860;10278965260;S
20240506;100118;155.43;3210;10278965261;S
20240506;100118;155.43;10;10278965262;S
20240506;100118;155.43;300;10278965263;S
20240506;100118;155.42;500;10278965264;S
20240506;100118;155.41;1000;10278965265;S
20240506;100118;155.41;750;10278965266;S
20240506;100118;155.41;500;10278965267;S
20240506;100118;155.41;10;10278965268;S
20240506;100118;155.41;100;10278965269;S
20240506;100118;155.4;10;10278965270;S
20240506;100118;155.4;630;10278965271;S
20240506;100118;155.4;1000;10278965272;S
20240506;100118;155.4;5000;10278965273;S
20240506;100118;155.39;200;10278965274;S
20240506;100118;155.39;200;10278965275;S
20240506;100118;155.39;90;10278965276;S
20240506;100118;155.39;1000;10278965277;S
20240506;100118;155.39;240;10278965278;S
20240506;100118;155.38;190;10278965279;S
20240506;100118;155.41;10;10278965314;S
20240506;100120;155.45;50;10278965565;B
20240506;100120;155.46;630;10278965566;B
20240506;100120;155.47;950;10278965567;B
20240506;100120;155.47;60;10278965568;B
20240506;100120;155.47;110;10278965569;B
20240506;100121;155.41;500;10278965768;S
20240506;100121;155.41;1990;10278965830;S
20240506;100121;155.41;10;10278965831;S
20240506;100121;155.41;300;10278965832;S
20240506;100121;155.41;700;10278965833;B
20240506;100121;155.41;1200;10278965834;S
20240506;100122;155.41;10;10278965919;B
20240506;100122;155.41;300;10278965956;B
20240506;100122;155.41;10;10278965960;B
20240506;100123;155.41;20;10278966088;B
20240506;100123;155.41;360;10278966111;B
20240506;100123;155.41;100;10278966112;B
20240506;100123;155.42;540;10278966113;B
20240506;100123;155.4;10;10278966144;S
20240506;100123;155.4;20;10278966145;S
20240506;100123;155.4;20;10278966146;S
20240506;100124;155.42;10;10278966189;B
20240506;100124;155.42;50;10278966412;B
20240506;100126;155.42;2000;10278966944;B
20240506;100127;155.42;250;10278967124;B
20240506;100127;155.42;10;10278967240;B
20240506;100127;155.41;10;10278967288;S
20240506;100127;155.41;130;10278967289;S
20240506;100127;155.4;180;10278967290;S
20240506;100127;155.4;10;10278967291;S
20240506;100127;155.4;10;10278967292;S
20240506;100127;155.4;160;10278967293;S
20240506;100128;155.39;7000;10278967367;S
20240506;100129;155.41;10;10278967620;B
20240506;100129;155.42;10;10278967668;B
20240506;100129;155.42;2130;10278967692;B
20240506;100129;155.42;1000;10278967693;B
20240506;100129;155.43;50;10278967694;B
20240506;100129;155.43;530;10278967695;B
20240506;100129;155.43;300;10278967696;B
20240506;100129;155.44;30;10278967698;S
20240506;100129;155.45;10;10278967709;B
20240506;100130;155.46;10;10278967830;B
20240506;100130;155.46;10;10278967888;B
20240506;100131;155.44;10;10278967940;S
20240506;100132;155.46;10;10278968387;B
20240506;100132;155.44;100;10278968424;S
20240506;100133;155.46;400;10278968521;B
20240506;100134;155.45;50;10278968756;B
20240506;100134;155.46;10;10278968765;B
20240506;100135;155.45;40;10278968966;B
20240506;100135;155.46;30;10278968967;B
20240506;100135;155.46;10;10278968974;B
20240506;100136;155.46;10;10278969153;B
20240506;100136;155.44;30;10278969198;S
20240506;100136;155.44;20;10278969282;S
20240506;100137;155.46;510;10278969386;B
20240506;100137;155.46;2000;10278969387;B
20240506;100137;155.46;300;10278969388;B
20240506;100137;155.47;70;10278969389;B
20240506;100137;155.47;1000;10278969390;B
20240506;100137;155.47;40;10278969391;B
20240506;100137;155.47;510;10278969392;B
20240506;100137;155.47;180;10278969516;S
20240506;100138;155.47;2390;10278969572;S
20240506;100138;155.46;290;10278969573;S
20240506;100138;155.47;10;10278969917;B
20240506;100139;155.45;10;10278970069;S
20240506;100140;155.45;10;10278970186;S
20240506;100140;155.44;20;10278970187;S
20240506;100140;155.44;10;10278970219;S
20240506;100140;155.45;10;10278970313;B
20240506;100140;155.44;40;10278970314;S
20240506;100140;155.44;10;10278970319;S
20240506;100141;155.44;720;10278970333;S
20240506;100141;155.43;500;10278970334;S
20240506;100141;155.43;520;10278970335;S
20240506;100141;155.42;10;10278970336;S
20240506;100141;155.42;750;10278970337;S
20240506;100141;155.45;510;10278970362;B
20240506;100141;155.45;490;10278970363;B
20240506;100142;155.45;10;10278970833;B
20240506;100143;155.45;10;10278970869;B
20240506;100143;155.42;500;10278970971;S
20240506;100144;155.43;80;10278971134;B
20240506;100144;155.44;510;10278971135;B
20240506;100144;155.45;490;10278971136;B
20240506;100144;155.45;1250;10278971137;B
20240506;100144;155.46;1000;10278971138;B
20240506;100144;155.46;630;10278971139;B
20240506;100144;155.46;600;10278971140;B
20240506;100144;155.46;300;10278971141;B
20240506;100144;155.47;140;10278971142;B
20240506;100144;155.44;10;10278971207;B
20240506;100144;155.46;10;10278971219;B
20240506;100144;155.46;20;10278971291;B
20240506;100144;155.46;90;10278971345;B
20240506;100144;155.47;60;10278971346;B
20240506;100145;155.47;10;10278971411;B
20240506;100145;155.46;10;10278971470;S
20240506;100145;155.47;1000;10278971488;B
20240506;100145;155.47;500;10278971496;B
20240506;100146;155.47;10;10278971627;B
20240506;100146;155.45;10;10278971730;S
20240506;100146;155.43;40;10278971731;S
20240506;100147;155.47;50;10278972000;B
20240506;100148;155.47;240;10278972353;B
20240506;100148;155.47;10;10278972354;B
20240506;100148;155.48;380;10278972355;B
20240506;100149;155.46;50;10278972550;S
20240506;100149;155.46;10;10278972587;S
20240506;100149;155.46;170;10278972590;S
20240506;100149;155.47;10;10278972591;B
20240506;100149;155.46;70;10278972612;S
20240506;100149;155.45;20;10278972613;S
20240506;100149;155.45;10;10278972614;S
20240506;100150;155.44;700;10278972782;B
20240506;100150;155.44;10;10278972784;B
20240506;100151;155.44;10;10278972901;B
20240506;100151;155.43;70;10278972906;S
20240506;100151;155.44;10;10278972939;B
20240506;100151;155.44;370;10278973034;B
20240506;100152;155.42;750;10278973056;S
20240506;100152;155.42;160;10278973057;S
20240506;100152;155.42;100;10278973058;S
20240506;100152;155.42;2500;10278973059;S
20240506;100152;155.41;1500;10278973060;B
20240506;100153;155.42;20;10278973378;B
20240506;100154;155.42;50;10278973538;B
20240506;100154;155.42;100;10278973570;B
20240506;100155;155.42;80;10278973659;B
20240506;100155;155.42;10;10278973668;B
20240506;100155;155.42;10;10278973695;B
20240506;100155;155.42;20;10278973730;B
20240506;100155;155.42;10;10278973778;B
20240506;100155;155.42;360;10278973814;B
20240506;100155;155.42;490;10278973815;B
20240506;100155;155.44;1650;10278973816;B
20240506;100156;155.44;20;10278973897;B
20240506;100157;155.44;100;10278974059;B
20240506;100157;155.44;10;10278974148;B
20240506;100157;155.41;60;10278974198;S
20240506;100157;155.41;100;10278974248;S
20240506;100157;155.41;100;10278974261;S
20240506;100158;155.41;40;10278974274;S
20240506;100158;155.41;60;10278974275;S
20240506;100158;155.41;100;10278974289;S
20240506;100158;155.44;20;10278974290;B
20240506;100158;155.44;10;10278974293;B
20240506;100158;155.41;100;10278974299;S
20240506;100158;155.41;100;10278974311;S
20240506;100158;155.4;100;10278974332;S
20240506;100158;155.41;100;10278974348;S
20240506;100158;155.44;640;10278974360;B
20240506;100158;155.41;100;10278974369;S
20240506;100158;155.42;10;10278974382;S
20240506;100158;155.41;100;10278974401;S
20240506;100158;155.43;40;10278974411;B
20240506;100158;155.41;100;10278974416;S
20240506;100159;155.4;100;10278974428;S
20240506;100159;155.4;100;10278974444;S
20240506;100159;155.44;10;10278974469;B
20240506;100159;155.4;100;10278974474;S
20240506;100159;155.44;10;10278974479;B
20240506;100159;155.4;100;10278974500;S
20240506;100159;155.44;50;10278974509;B
20240506;100159;155.44;100;10278974521;B
20240506;100159;155.4;100;10278974522;S
20240506;100159;155.4;100;10278974533;S
20240506;100159;155.4;100;10278974565;S
20240506;100159;155.4;100;10278974583;S
20240506;100159;155.4;100;10278974598;S
20240506;100159;155.4;80;10278974617;S
20240506;100200;155.4;100;10278974656;S
20240506;100200;155.42;70;10278974700;B
20240506;100200;155.42;10;10278974757;B
20240506;100201;155.42;10;10278974904;B
20240506;100202;155.4;820;10278975038;S
20240506;100202;155.4;70;10278975039;S
20240506;100202;155.4;150;10278975040;S
20240506;100202;155.4;2460;10278975041;S
20240506;100204;155.4;100;10278975398;S
20240506;100204;155.39;400;10278975399;S
20240506;100204;155.41;20;10278975465;B
20240506;100204;155.41;10;10278975468;B
20240506;100204;155.42;10;10278975480;B
20240506;100205;155.41;10;10278975669;S
20240506;100205;155.4;10;10278975670;S
20240506;100205;155.39;550;10278975671;S
20240506;100205;155.39;150;10278975767;S
20240506;100206;155.41;100;10278975861;B
20240506;100207;155.41;450;10278976267;B
20240506;100208;155.41;20;10278976322;B
20240506;100208;155.4;10;10278976484;S
20240506;100209;155.4;20;10278976600;B
20240506;100210;155.4;20;10278976804;B
20240506;100211;155.4;70;10278976805;B
20240506;100211;155.4;90;10278976816;B
20240506;100211;155.4;40;10278976874;B
20240506;100211;155.39;1000;10278977056;S
20240506;100212;155.39;60;10278977329;S
20240506;100212;155.39;20;10278977330;S
20240506;100212;155.39;10;10278977331;S
20240506;100212;155.38;100;10278977351;S
20240506;100212;155.38;60;10278977352;S
20240506;100212;155.38;30;10278977353;S
20240506;100212;155.37;10;10278977354;S
20240506;100212;155.37;140;10278977355;S
20240506;100212;155.37;1160;10278977356;S
20240506;100212;155.37;470;10278977363;B
20240506;100212;155.37;300;10278977364;B
20240506;100212;155.37;2000;10278977365;B
20240506;100212;155.37;40;10278977429;B
20240506;100213;155.37;20;10278977604;B
20240506;100213;155.37;50;10278977845;B
20240506;100213;155.37;30;10278977894;B
20240506;100213;155.37;160;10278977903;B
20240506;100213;155.37;300;10278977904;B
20240506;100213;155.36;10;10278978008;S
20240506;100213;155.35;490;10278978009;S
20240506;100214;155.35;300;10278978247;S
20240506;100214;155.37;250;10278978307;B
20240506;100215;155.35;210;10278978551;S
20240506;100215;155.35;500;10278978552;S
20240506;100215;155.35;60;10278978553;S
20240506;100215;155.35;100;10278978554;S
20240506;100215;155.35;460;10278978555;S
20240506;100215;155.35;2000;10278978556;S
20240506;100215;155.34;70;10278978557;S
20240506;100215;155.34;500;10278978558;S
20240506;100215;155.34;50;10278978559;S
20240506;100215;155.34;300;10278978560;S
20240506;100215;155.34;750;10278978561;S
20240506;100215;155.33;20;10278978610;S
20240506;100215;155.33;240;10278978611;S
20240506;100215;155.33;200;10278978612;S
20240506;100215;155.33;1040;10278978613;S
20240506;100216;155.35;100;10278978697;B
20240506;100217;155.33;100;10278978967;S
20240506;100217;155.33;1000;10278979000;S
20240506;100218;155.34;50;10278979243;B
20240506;100219;155.33;320;10278979431;S
20240506;100220;155.34;10;10278979885;B
20240506;100221;155.33;2000;10278980037;S
20240506;100224;155.33;10;10278980763;B
20240506;100224;155.33;10;10278980802;B
20240506;100224;155.32;10;10278980811;S
20240506;100224;155.33;100;10278980920;B
20240506;100225;155.33;20;10278980957;B
20240506;100225;155.33;160;10278981079;B
20240506;100225;155.33;1000;10278981080;B
20240506;100225;155.34;840;10278981081;B
20240506;100226;155.33;10;10278981239;B
20240506;100226;155.33;100;10278981248;B
20240506;100227;155.33;60;10278981487;B
20240506;100227;155.33;130;10278981516;B
20240506;100227;155.33;20;10278981517;B
20240506;100227;155.34;150;10278981518;B
20240506;100227;155.34;290;10278981519;B
20240506;100227;155.34;110;10278981520;B
20240506;100227;155.32;10;10278981536;S
20240506;100227;155.32;140;10278981582;S
20240506;100227;155.31;50;10278981583;S
20240506;100228;155.34;60;10278981941;B
20240506;100229;155.31;50;10278982247;S
20240506;100229;155.31;150;10278982248;S
20240506;100229;155.34;10;10278982357;B
20240506;100229;155.33;10;10278982710;B
20240506;100229;155.33;10;10278982795;B
20240506;100230;155.33;10;10278982945;B
20240506;100231;155.33;270;10278983051;B
20240506;100231;155.33;440;10278983052;B
20240506;100231;155.33;10;10278983053;B
20240506;100231;155.34;430;10278983054;B
20240506;100231;155.35;900;10278983055;B
20240506;100231;155.36;20;10278983056;B
20240506;100231;155.37;450;10278983057;B
20240506;100231;155.38;720;10278983058;B
20240506;100231;155.39;630;10278983059;B
20240506;100231;155.39;1130;10278983060;B
20240506;100231;155.32;10;10278983133;S
20240506;100231;155.32;90;10278983167;B
20240506;100232;155.35;800;10278983410;S
20240506;100232;155.33;430;10278983411;S
20240506;100232;155.31;240;10278983412;S
20240506;100232;155.31;50;10278983413;S
20240506;100232;155.31;10;10278983414;S
20240506;100232;155.31;10;10278983415;S
20240506;100232;155.31;10;10278983416;S
20240506;100232;155.31;10;10278983417;S
20240506;100232;155.3;10;10278983418;S
20240506;100232;155.3;10;10278983419;S
20240506;100232;155.3;10;10278983420;S
20240506;100232;155.3;10;10278983421;S
20240506;100232;155.3;10;10278983422;S
20240506;100232;155.3;230;10278983423;S
20240506;100232;155.3;160;10278983424;S
20240506;100232;155.39;40;10278983475;B
20240506;100232;155.39;40;10278983476;B
20240506;100232;155.39;30;10278983544;B
20240506;100232;155.3;30;10278983546;S
20240506;100233;155.34;20;10278983774;S
20240506;100234;155.32;10;10278984068;B
20240506;100234;155.32;420;10278984074;B
20240506;100234;155.32;220;10278984075;B
20240506;100237;155.31;770;10278984610;S
20240506;100237;155.3;10;10278984611;S
20240506;100237;155.3;10;10278984612;S
20240506;100237;155.3;10;10278984613;S
20240506;100237;155.3;10;10278984614;S
20240506;100237;155.3;50;10278984615;S
20240506;100237;155.28;240;10278984616;S
20240506;100237;155.28;430;10278984617;S
20240506;100237;155.27;10;10278984618;S
20240506;100237;155.27;240;10278984619;S
20240506;100237;155.26;240;10278984620;S
20240506;100237;155.26;2360;10278984621;S
20240506;100237;155.25;20;10278984622;S
20240506;100237;155.25;10;10278984623;S
20240506;100237;155.25;160;10278984624;S
20240506;100237;155.25;40;10278984625;S
20240506;100237;155.25;60;10278984626;S
20240506;100237;155.25;500;10278984627;S
20240506;100237;155.25;150;10278984628;S
20240506;100237;155.25;4410;10278984629;S
20240506;100237;155.25;1000;10278984630;S
20240506;100237;155.25;240;10278984631;S
20240506;100237;155.25;800;10278984632;S
20240506;100237;155.25;8000;10278984633;S
20240506;100237;155.24;1000;10278984634;S
20240506;100237;155.24;240;10278984635;S
20240506;100237;155.23;20;10278984636;S
20240506;100237;155.23;1000;10278984637;S
20240506;100237;155.23;240;10278984638;S
20240506;100237;155.22;20;10278984639;S
20240506;100237;155.22;200;10278984640;S
20240506;100237;155.22;100;10278984641;S
20240506;100237;155.22;10;10278984642;S
20240506;100237;155.22;220;10278984643;S
20240506;100237;155.22;1000;10278984644;S
20240506;100237;155.22;10;10278984645;S
20240506;100237;155.22;240;10278984646;S
20240506;100237;155.22;6500;10278984647;S
20240506;100237;155.22;630;10278984648;S
20240506;100237;155.22;300;10278984649;S
20240506;100237;155.21;20;10278984650;S
20240506;100237;155.21;20;10278984651;S
20240506;100237;155.21;150;10278984652;S
20240506;100237;155.21;1000;10278984653;S
20240506;100237;155.21;50;10278984654;S
20240506;100237;155.21;1000;10278984655;S
20240506;100237;155.21;2020;10278984656;S
20240506;100237;155.21;240;10278984657;S
20240506;100237;155.21;1000;10278984658;S
20240506;100237;155.2;40;10278984659;S
20240506;100237;155.2;10;10278984660;S
20240506;100237;155.2;10;10278984661;S
20240506;100237;155.2;10;10278984662;S
20240506;100237;155.2;10;10278984663;S
20240506;100237;155.2;10;10278984664;S
20240506;100237;155.2;80;10278984665;S
20240506;100237;155.2;20;10278984666;S
20240506;100237;155.2;10;10278984667;S
20240506;100237;155.2;10;10278984668;S
20240506;100237;155.2;310;10278984669;S
20240506;100237;155.2;10;10278984670;S
20240506;100237;155.2;10;10278984671;S
20240506;100237;155.2;10;10278984672;S
20240506;100237;155.2;10;10278984673;S
20240506;100237;155.2;10;10278984674;S
20240506;100237;155.2;10;10278984675;S
20240506;100237;155.2;50;10278984676;S
20240506;100237;155.2;100;10278984677;S
20240506;100237;155.2;10;10278984678;S
20240506;100237;155.2;100;10278984679;S
20240506;100237;155.2;1220;10278984680;S
20240506;100237;155.2;60;10278984681;S
20240506;100237;155.2;10;10278984682;S
20240506;100237;155.2;10;10278984683;S
20240506;100237;155.2;20;10278984684;S
20240506;100237;155.2;10;10278984685;S
20240506;100237;155.2;10;10278984686;S
20240506;100237;155.2;400;10278984687;S
20240506;100237;155.2;70;10278984688;S
20240506;100237;155.2;10;10278984689;S
20240506;100237;155.2;10;10278984690;S
20240506;100237;155.2;100;10278984691;S
20240506;100237;155.2;10;10278984692;S
20240506;100237;155.2;10;10278984693;S
20240506;100237;155.2;60;10278984694;S
20240506;100237;155.2;10;10278984695;S
20240506;100237;155.2;10;10278984696;S
20240506;100237;155.2;20;10278984697;S
20240506;100237;155.2;10;10278984698;S
20240506;100237;155.2;10;10278984699;S
20240506;100237;155.2;30;10278984700;S
20240506;100237;155.2;10;10278984701;S
20240506;100237;155.2;10;10278984702;S
20240506;100237;155.2;10;10278984703;S
20240506;100237;155.2;60;10278984704;S
20240506;100237;155.2;10;10278984705;S
20240506;100237;155.2;10;10278984706;S
20240506;100237;155.2;10;10278984707;S
20240506;100237;155.2;10;10278984708;S
20240506;100237;155.2;10;10278984709;S
20240506;100237;155.2;10;10278984710;S
20240506;100237;155.2;10;10278984711;S
20240506;100237;155.2;120;10278984712;S
20240506;100237;155.2;10;10278984713;S
20240506;100237;155.2;10;10278984714;S
20240506;100237;155.2;10;10278984715;S
20240506;100237;155.2;110;10278984716;S
20240506;100237;155.2;10;10278984717;S
20240506;100237;155.2;10;10278984718;S
20240506;100237;155.2;60;10278984719;S
20240506;100237;155.2;10;10278984720;S
20240506;100237;155.2;10;10278984721;S
20240506;100237;155.2;10;10278984722;S
20240506;100237;155.2;140;10278984723;S
20240506;100237;155.2;10;10278984724;S
20240506;100237;155.2;100;10278984725;S
20240506;100237;155.2;100;10278984726;S
20240506;100237;155.2;10;10278984727;S
20240506;100237;155.2;10;10278984728;S
20240506;100237;155.2;10;10278984729;S
20240506;100237;155.2;300;10278984730;S
20240506;100237;155.2;10;10278984731;S
20240506;100237;155.2;10;10278984732;S
20240506;100237;155.2;60;10278984733;S
20240506;100237;155.2;50;10278984734;S
20240506;100237;155.2;10;10278984735;S
20240506;100237;155.2;80;10278984736;S
20240506;100237;155.2;10;10278984737;S
20240506;100237;155.2;110;10278984738;S
20240506;100237;155.2;40;10278984739;S
20240506;100237;155.2;10;10278984740;S
20240506;100237;155.2;10;10278984741;S
20240506;100237;155.2;10;10278984742;S
20240506;100237;155.2;10;10278984743;S
20240506;100237;155.2;10;10278984744;S
20240506;100237;155.2;10;10278984745;S
20240506;100237;155.2;20;10278984746;S
20240506;100237;155.2;20;10278984747;S
20240506;100237;155.2;20;10278984748;S
20240506;100237;155.2;30;10278984749;S
20240506;100237;155.2;20;10278984750;S
20240506;100237;155.2;10;10278984751;S
20240506;100237;155.2;10;10278984752;S
20240506;100237;155.2;10;10278984753;S
20240506;100237;155.2;100;10278984754;S
20240506;100237;155.2;30;10278984755;S
20240506;100237;155.2;20;10278984756;S
20240506;100237;155.2;10;10278984757;S
20240506;100237;155.2;10;10278984758;S
20240506;100237;155.2;10;10278984759;S
20240506;100237;155.2;10;10278984760;S
20240506;100237;155.2;20;10278984761;S
20240506;100237;155.2;10;10278984762;S
20240506;100237;155.2;50;10278984763;S
20240506;100237;155.2;10;10278984764;S
20240506;100237;155.2;10;10278984765;S
20240506;100237;155.2;20;10278984766;S
20240506;100237;155.2;10;10278984767;S
20240506;100237;155.2;510;10278984768;S
20240506;100237;155.2;10;10278984769;S
20240506;100237;155.2;80;10278984770;S
20240506;100237;155.2;10;10278984771;S
20240506;100237;155.2;10;10278984772;S
20240506;100237;155.2;1200;10278984773;S
20240506;100237;155.2;10;10278984774;S
20240506;100237;155.2;60;10278984775;S
20240506;100237;155.2;10;10278984776;S
20240506;100237;155.2;10;10278984777;S
20240506;100237;155.2;20;10278984778;S
20240506;100237;155.2;10;10278984779;S
20240506;100237;155.2;10;10278984780;S
20240506;100237;155.2;170;10278984781;S
20240506;100237;155.2;10;10278984782;S
20240506;100237;155.2;10;10278984783;S
20240506;100237;155.2;10;10278984784;S
20240506;100237;155.2;10;10278984785;S
20240506;100237;155.2;20;10278984786;S
20240506;100237;155.2;20;10278984787;S
20240506;100237;155.2;10;10278984788;S
20240506;100237;155.2;30;10278984789;S
20240506;100237;155.2;10;10278984790;S
20240506;100237;155.2;10;10278984791;S
20240506;100237;155.2;60;10278984792;S
20240506;100237;155.2;10;10278984793;S
20240506;100237;155.2;20;10278984794;S
20240506;100237;155.2;10;10278984795;S
20240506;100237;155.2;10;10278984796;S
20240506;100237;155.2;10;10278984797;S
20240506;100237;155.2;10;10278984798;S
20240506;100237;155.2;10;10278984799;S
20240506;100237;155.2;50;10278984800;S
20240506;100237;155.2;50;10278984801;S
20240506;100237;155.2;10;10278984802;S
20240506;100237;155.2;10;10278984803;S
20240506;100237;155.2;10;10278984804;S
20240506;100237;155.2;10;10278984805;S
20240506;100237;155.2;10;10278984806;S
20240506;100237;155.2;10;10278984807;S
20240506;100237;155.2;100;10278984808;S
20240506;100237;155.2;10;10278984809;S
20240506;100237;155.2;20;10278984810;S
20240506;100237;155.2;10;10278984811;S
20240506;100237;155.2;10;10278984812;S
20240506;100237;155.2;100;10278984813;S
20240506;100237;155.2;10;10278984814;S
20240506;100237;155.2;150;10278984815;S
20240506;100237;155.2;10;10278984816;S
20240506;100237;155.2;300;10278984817;S
20240506;100237;155.2;10;10278984818;S
20240506;100237;155.2;10;10278984819;S
20240506;100237;155.2;10;10278984820;S
20240506;100237;155.2;40;10278984821;S
20240506;100237;155.2;10;10278984822;S
20240506;100237;155.2;10;10278984823;S
20240506;100237;155.2;10;10278984824;S
20240506;100237;155.2;20;10278984825;S
20240506;100237;155.2;20;10278984826;S
20240506;100237;155.2;10;10278984827;S
20240506;100237;155.2;10;10278984828;S
20240506;100237;155.2;250;10278984829;S
20240506;100237;155.2;20;10278984830;S
20240506;100237;155.2;20;10278984831;S
20240506;100237;155.2;10;10278984832;S
20240506;100237;155.2;10;10278984833;S
20240506;100237;155.2;10;10278984834;S
20240506;100237;155.2;260;10278984835;S
20240506;100237;155.2;300;10278984836;S
20240506;100237;155.2;10;10278984837;S
20240506;100237;155.2;10;10278984838;S
20240506;100237;155.2;60;10278984839;S
20240506;100237;155.2;10;10278984840;S
20240506;100237;155.2;10;10278984841;S
20240506;100237;155.2;10;10278984842;S
20240506;100237;155.2;160;10278984843;S
20240506;100237;155.2;600;10278984844;S
20240506;100237;155.2;20;10278984845;S
20240506;100237;155.2;170;10278984846;S
20240506;100237;155.2;10;10278984847;S
20240506;100237;155.2;30;10278984848;S
20240506;100237;155.2;10;10278984849;S
20240506;100237;155.2;10;10278984850;S
20240506;100237;155.2;10;10278984851;S
20240506;100237;155.2;100;10278984852;S
20240506;100237;155.2;10;10278984853;S
20240506;100237;155.2;10;10278984854;S
20240506;100237;155.2;10;10278984855;S
20240506;100237;155.2;10;10278984856;S
20240506;100237;155.2;160;10278984857;S
20240506;100237;155.2;10;10278984858;S
20240506;100237;155.2;10;10278984859;S
20240506;100237;155.2;10000;10278984860;S
20240506;100237;155.2;10;10278984861;S
20240506;100237;155.2;10;10278984862;S
20240506;100237;155.2;10;10278984863;S
20240506;100237;155.2;10;10278984864;S
20240506;100237;155.2;20;10278984865;S
20240506;100237;155.2;10;10278984866;S
20240506;100237;155.2;10;10278984867;S
20240506;100237;155.2;10;10278984868;S
20240506;100237;155.2;500;10278984869;S
20240506;100237;155.2;10;10278984870;S
20240506;100237;155.2;200;10278984871;S
20240506;100237;155.2;100;10278984872;S
20240506;100237;155.2;10;10278984873;S
20240506;100237;155.2;10;10278984874;S
20240506;100237;155.2;10;10278984875;S
20240506;100237;155.2;100;10278984876;S
20240506;100237;155.2;200;10278984877;S
20240506;100237;155.2;10;10278984878;S
20240506;100237;155.2;150;10278984879;S
20240506;100237;155.2;4000;10278984880;S
20240506;100237;155.2;210;10278984881;S
20240506;100237;155.2;640;10278984882;S
20240506;100237;155.2;30;10278984883;S
20240506;100237;155.2;70;10278984884;S
20240506;100237;155.2;70;10278984885;S
20240506;100237;155.2;20;10278984886;S
20240506;100237;155.2;10;10278984887;S
20240506;100237;155.2;70;10278984888;S
20240506;100237;155.2;10;10278984889;S
20240506;100237;155.2;400;10278984890;S
20240506;100237;155.2;10;10278984891;S
20240506;100237;155.2;70;10278984892;S
20240506;100237;155.2;10;10278984893;S
20240506;100237;155.2;10;10278984894;S
20240506;100237;155.2;10;10278984895;S
20240506;100237;155.2;30;10278984896;S
20240506;100237;155.2;10;10278984897;S
20240506;100237;155.2;10;10278984898;S
20240506;100237;155.2;10;10278984899;S
20240506;100237;155.2;20;10278984900;S
20240506;100237;155.2;10;10278984901;S
20240506;100237;155.2;20;10278984902;S
20240506;100237;155.2;100;10278984903;S
20240506;100237;155.2;20;10278984904;S
20240506;100237;155.2;10;10278984905;S
20240506;100237;155.2;10;10278984906;S
20240506;100237;155.2;20;10278984907;S
20240506;100237;155.2;560;10278984908;S
20240506;100237;155.2;150;10278984909;S
20240506;100237;155.2;10;10278984910;S
20240506;100237;155.2;70;10278984911;S
20240506;100237;155.2;7960;10278984912;S
20240506;100237;155.2;10;10278984913;S
20240506;100237;155.2;10;10278984914;S
20240506;100237;155.2;10;10278984915;S
20240506;100237;155.2;100;10278984916;S
20240506;100237;155.2;30;10278984917;S
20240506;100237;155.2;10;10278984918;S
20240506;100237;155.2;1000;10278984919;S
20240506;100237;155.2;240;10278984920;S
20240506;100237;155.19;1000;10278984921;S
20240506;100237;155.19;8000;10278984922;S
20240506;100237;155.19;8000;10278984923;S
20240506;100237;155.19;240;10278984924;S
20240506;100237;155.18;20;10278984925;S
20240506;100237;155.18;10;10278984926;S
20240506;100237;155.18;1000;10278984927;S
20240506;100237;155.18;2000;10278984928;S
20240506;100237;155.18;1600;10278984929;S
20240506;100237;155.17;200;10278984930;S
20240506;100237;155.17;1000;10278984931;S
20240506;100237;155.16;10;10278984932;S
20240506;100237;155.16;1000;10278984933;S
20240506;100237;155.15;10;10278984934;S
20240506;100237;155.15;20;10278984935;S
20240506;100237;155.15;100;10278984936;S
20240506;100237;155.15;1200;10278984937;S
20240506;100237;155.15;10;10278984938;S
20240506;100237;155.15;100;10278984939;S
20240506;100237;155.15;100;10278984940;S
20240506;100237;155.15;570;10278984941;S
20240506;100237;155.15;1000;10278984942;S
20240506;100237;155.14;320;10278984943;S
20240506;100237;155.14;150;10278984944;S
20240506;100237;155.14;430;10278984945;S
20240506;100237;155.14;20;10278984946;S
20240506;100237;155.14;50;10278984947;S
20240506;100237;155.14;10;10278984948;S
20240506;100237;155.14;10;10278984949;S
20240506;100237;155.14;10;10278984950;S
20240506;100237;155.14;10;10278984951;S
20240506;100237;155.14;10;10278984952;S
20240506;100237;155.14;20;10278984953;S
20240506;100237;155.14;10;10278984954;S
20240506;100237;155.14;10;10278984955;S
20240506;100237;155.14;10;10278984956;S
20240506;100237;155.14;60;10278984957;S
20240506;100237;155.14;30;10278984958;S
20240506;100237;155.14;60;10278984959;S
20240506;100237;155.14;60;10278984960;S
20240506;100237;155.14;10;10278984961;S
20240506;100237;155.14;10;10278984962;S
20240506;100237;155.14;60;10278984963;S
20240506;100237;155.14;190;10278984964;S
20240506;100237;155.19;2000;10278984972;S
20240506;100237;155.18;600;10278984989;S
20240506;100237;155.18;700;10278985002;S
20240506;100237;155.18;30;10278985003;S
20240506;100237;155.21;10;10278985007;B
20240506;100237;155.15;100;10278985162;S
20240506;100237;155.22;60;10278985179;B
20240506;100238;155.2;10;10278985310;B
20240506;100238;155.2;40;10278985328;B
20240506;100239;155.2;10;10278985521;B
20240506;100239;155.19;100;10278985529;S
20240506;100239;155.19;20;10278985530;S
20240506;100239;155.19;250;10278985531;S
20240506;100239;155.16;410;10278985532;S
20240506;100239;155.15;140;10278985533;S
20240506;100239;155.15;1440;10278985534;S
20240506;100239;155.14;110;10278985535;S
20240506;100239;155.14;20;10278985536;S
20240506;100239;155.14;10;10278985537;S
20240506;100239;155.14;10;10278985538;S
20240506;100239;155.14;30;10278985539;S
20240506;100239;155.14;10;10278985540;S
20240506;100239;155.14;950;10278985541;S
20240506;100239;155.2;10;10278985559;B
20240506;100239;155.18;300;10278985688;B
20240506;100239;155.19;100;10278985689;B
20240506;100239;155.17;30;10278985759;B
20240506;100239;155.17;330;10278985773;B
20240506;100240;155.18;190;10278985818;B
20240506;100240;155.17;70;10278985917;B
20240506;100241;155.16;10;10278986180;B
20240506;100242;155.16;100;10278986266;B
20240506;100242;155.16;390;10278986269;B
20240506;100242;155.16;10;10278986424;B
20240506;100243;155.14;30;10278986491;S
20240506;100243;155.15;300;10278986729;S
20240506;100243;155.14;190;10278986730;S
20240506;100243;155.14;10;10278986731;S
20240506;100243;155.14;560;10278986732;S
20240506;100244;155.16;10;10278986904;B
20240506;100245;155.16;20;10278987190;B
20240506;100246;155.15;10;10278987270;S
20240506;100246;155.15;40;10278987271;S
20240506;100246;155.14;20;10278987375;S
20240506;100246;155.16;200;10278987398;B
20240506;100247;155.16;10;10278987513;B
20240506;100248;155.14;180;10278987672;S
20240506;100248;155.14;240;10278987749;S
20240506;100248;155.14;10;10278987750;S
20240506;100248;155.14;50;10278987751;S
20240506;100248;155.14;30;10278987752;S
20240506;100248;155.14;10;10278987753;S
20240506;100248;155.14;20;10278987754;S
20240506;100248;155.14;60;10278987755;S
20240506;100248;155.14;10;10278987756;S
20240506;100248;155.14;10;10278987757;S
20240506;100248;155.14;20;10278987758;S
20240506;100248;155.14;60;10278987759;S
20240506;100248;155.14;20;10278987760;S
20240506;100248;155.14;250;10278987761;S
20240506;100248;155.14;100;10278987762;S
20240506;100248;155.14;10;10278987763;S
20240506;100248;155.14;20;10278987764;S
20240506;100248;155.14;10;10278987765;S
20240506;100248;155.14;10;10278987766;S
20240506;100248;155.14;10;10278987767;S
20240506;100248;155.14;40;10278987768;S
20240506;100248;155.14;10;10278987769;S
20240506;100248;155.14;30;10278987770;S
20240506;100248;155.14;10;10278987771;S
20240506;100248;155.14;10;10278987772;S
20240506;100248;155.14;170;10278987773;S
20240506;100248;155.14;40;10278987774;S
20240506;100249;155.16;10;10278988054;B
20240506;100250;155.16;240;10278988168;B
20240506;100250;155.16;10;10278988169;B
20240506;100251;155.16;10;10278988238;B
20240506;100252;155.14;40;10278988519;S
20240506;100252;155.14;10;10278988520;S
20240506;100252;155.14;10;10278988521;S
20240506;100252;155.14;10;10278988522;S
20240506;100252;155.14;10;10278988523;S
20240506;100252;155.14;10;10278988524;S
20240506;100252;155.14;30;10278988525;S
20240506;100252;155.14;40;10278988526;S
20240506;100252;155.14;30;10278988527;S
20240506;100252;155.14;20;10278988528;S
20240506;100252;155.14;60;10278988529;S
20240506;100252;155.14;10;10278988530;S
20240506;100252;155.14;10;10278988531;S
20240506;100252;155.14;10;10278988532;S
20240506;100252;155.14;90;10278988533;S
20240506;100252;155.14;10;10278988534;S
20240506;100252;155.14;10;10278988535;S
20240506;100252;155.14;10;10278988536;S
20240506;100252;155.14;10;10278988537;S
20240506;100252;155.14;50;10278988538;S
20240506;100252;155.14;10;10278988539;S
20240506;100252;155.14;40;10278988540;S
20240506;100252;155.14;10;10278988541;S
20240506;100252;155.14;310;10278988542;S
20240506;100252;155.14;10;10278988543;S
20240506;100252;155.14;400;10278988544;S
20240506;100252;155.14;60;10278988545;S
20240506;100252;155.14;10;10278988546;S
20240506;100252;155.14;20;10278988547;S
20240506;100252;155.14;650;10278988548;S
20240506;100253;155.14;200;10278988690;S
20240506;100253;155.14;500;10278988696;S
20240506;100253;155.16;10;10278988742;B
20240506;100255;155.16;500;10278989135;B
20240506;100256;155.16;470;10278989197;B
20240506;100256;155.16;330;10278989198;B
20240506;100256;155.16;200;10278989199;B
20240506;100256;155.15;410;10278989209;S
20240506;100256;155.15;1430;10278989210;S
20240506;100256;155.15;2000;10278989211;S
20240506;100256;155.15;300;10278989212;S
20240506;100256;155.15;20;10278989213;S
20240506;100256;155.15;20;10278989238;B
20240506;100256;155.15;10;10278989327;B
20240506;100256;155.15;10;10278989339;B
20240506;100256;155.15;10;10278989387;B
20240506;100257;155.14;570;10278989538;S
20240506;100257;155.14;10;10278989539;S
20240506;100257;155.14;10;10278989540;S
20240506;100257;155.14;10;10278989541;S
20240506;100257;155.14;300;10278989542;S
20240506;100257;155.14;10;10278989543;S
20240506;100257;155.14;100;10278989544;S
20240506;100257;155.14;10;10278989545;S
20240506;100257;155.14;10;10278989546;S
20240506;100257;155.14;470;10278989547;S
20240506;100257;155.15;10;10278989571;B
20240506;100257;155.14;10;10278989577;S
20240506;100258;155.15;10;10278989752;B
20240506;100258;155.15;1000;10278989774;B
20240506;100259;155.15;290;10278990032;B
20240506;100300;155.15;10;10278990138;B
20240506;100300;155.14;10;10278990251;S
20240506;100300;155.15;10;10278990324;B
20240506;100300;155.15;4460;10278990392;B
20240506;100300;155.15;10;10278990393;B
20240506;100300;155.15;20;10278990394;B
20240506;100300;155.15;1500;10278990395;B
20240506;100300;155.16;800;10278990396;B
20240506;100300;155.16;330;10278990397;B
20240506;100300;155.16;880;10278990398;B
20240506;100300;155.16;1100;10278990399;B
20240506;100301;155.15;300;10278990530;S
20240506;100301;155.15;420;10278990531;S
20240506;100301;155.15;2000;10278990532;S
20240506;100301;155.14;290;10278990533;S
20240506;100301;155.15;360;10278990539;S
20240506;100301;155.15;140;10278990540;S
20240506;100301;155.16;10;10278990543;B
20240506;100301;155.16;70;10278990639;B
20240506;100302;155.15;10;10278990747;S
20240506;100302;155.16;10;10278990879;B
20240506;100303;155.16;300;10278990977;B
20240506;100304;155.15;90;10278991134;S
20240506;100304;155.15;10;10278991135;S
20240506;100304;155.16;10;10278991142;B
20240506;100304;155.15;10;10278991241;S
20240506;100304;155.16;10;10278991270;B
20240506;100305;155.16;1610;10278991402;B
20240506;100305;155.17;20;10278991413;B
20240506;100305;155.17;50;10278991455;S
20240506;100306;155.17;250;10278991528;S
20240506;100306;155.17;420;10278991529;S
20240506;100306;155.17;1160;10278991530;S
20240506;100306;155.16;170;10278991531;S
20240506;100306;155.17;200;10278991575;S
20240506;100306;155.18;200;10278991607;B
20240506;100306;155.18;50;10278991613;B
20240506;100307;155.17;100;10278991875;S
20240506;100307;155.17;30;10278991876;S
20240506;100307;155.17;260;10278991891;S
20240506;100307;155.16;740;10278991892;S
20240506;100308;155.16;1210;10278992165;S
20240506;100309;155.16;500;10278992460;S
20240506;100310;155.18;20;10278992533;B
20240506;100311;155.18;20;10278992659;B
20240506;100311;155.16;770;10278992672;S
20240506;100311;155.16;20;10278992673;S
20240506;100311;155.16;810;10278992674;S
20240506;100312;155.18;10;10278992945;B
20240506;100313;155.16;10;10278993139;S
20240506;100313;155.16;10;10278993140;S
20240506;100313;155.16;30;10278993141;S
20240506;100313;155.16;1780;10278993196;S
20240506;100313;155.16;10;10278993237;B
20240506;100314;155.15;1000;10278993295;S
20240506;100314;155.16;300;10278993296;B
20240506;100314;155.16;290;10278993311;B
20240506;100314;155.17;10;10278993312;B
20240506;100314;155.15;1000;10278993357;S
20240506;100314;155.17;10;10278993388;B
20240506;100315;155.15;1000;10278993557;S
20240506;100316;155.17;10;10278993577;B
20240506;100318;155.15;200;10278994103;S
20240506;100318;155.16;10;10278994125;B
20240506;100319;155.16;170;10278994195;B
20240506;100319;155.16;290;10278994227;B
20240506;100320;155.16;10;10278994388;B
20240506;100320;155.15;1020;10278994443;S
20240506;100320;155.15;410;10278994444;S
20240506;100320;155.15;240;10278994445;S
20240506;100320;155.15;100;10278994446;S
20240506;100320;155.14;720;10278994447;S
20240506;100320;155.14;10;10278994448;S
20240506;100320;155.14;10;10278994449;S
20240506;100320;155.14;1000;10278994450;S
20240506;100320;155.14;240;10278994451;S
20240506;100320;155.14;50;10278994452;S
20240506;100320;155.14;500;10278994453;S
20240506;100320;155.14;10;10278994454;B
20240506;100321;155.14;100;10278994547;B
20240506;100322;155.14;100;10278994849;B
20240506;100322;155.13;10;10278994929;S
20240506;100322;155.13;240;10278994930;S
20240506;100322;155.13;150;10278994931;S
20240506;100323;155.13;30;10278995061;S
20240506;100323;155.14;10;10278995268;B
20240506;100324;155.13;540;10278995404;S
20240506;100324;155.14;10;10278995413;B
20240506;100326;155.13;220;10278995749;S
20240506;100326;155.13;30;10278995798;S
20240506;100326;155.14;50;10278995832;B
20240506;100327;155.14;10;10278995984;B
20240506;100328;155.14;30;10278996099;B
20240506;100328;155.13;100;10278996162;S
20240506;100329;155.14;30;10278996344;B
20240506;100329;155.13;10;10278996348;S
20240506;100329;155.13;200;10278996365;S
20240506;100329;155.14;10;10278996381;B
20240506;100330;155.13;220;10278996558;S
20240506;100330;155.13;2000;10278996559;S
20240506;100330;155.13;2000;10278996560;S
20240506;100330;155.13;240;10278996561;S
20240506;100330;155.13;10;10278996562;S
20240506;100330;155.12;240;10278996563;S
20240506;100330;155.12;60;10278996564;S
20240506;100331;155.13;10;10278996667;B
20240506;100332;155.13;10;10278996766;B
20240506;100332;155.12;240;10278996795;S
20240506;100332;155.12;210;10278996796;S
20240506;100332;155.13;30;10278996806;B
20240506;100332;155.13;10;10278996838;B
20240506;100332;155.13;240;10278996849;B
20240506;100332;155.13;390;10278996850;B
20240506;100333;155.13;30;10278996955;B
20240506;100333;155.12;30;10278996960;S
20240506;100333;155.12;240;10278996961;S
20240506;100333;155.12;300;10278996962;S
20240506;100333;155.11;1000;10278996963;S
20240506;100333;155.11;240;10278996964;S
20240506;100333;155.1;10;10278996965;S
20240506;100333;155.1;10;10278996966;S
20240506;100333;155.11;240;10278996969;S
20240506;100333;155.1;40;10278996970;S
20240506;100333;155.1;30;10278996971;S
20240506;100333;155.1;90;10278996972;S
20240506;100333;155.1;10;10278996973;S
20240506;100333;155.1;10;10278996974;S
20240506;100333;155.1;130;10278996975;S
20240506;100333;155.1;450;10278996976;S
20240506;100333;155.11;240;10278997035;S
20240506;100333;155.1;2750;10278997036;S
20240506;100333;155.1;10;10278997037;S
20240506;100333;155.12;10;10278997107;B
20240506;100334;155.12;50;10278997127;B
20240506;100334;155.11;240;10278997128;S
20240506;100334;155.11;10;10278997129;S
20240506;100334;155.1;230;10278997130;S
20240506;100334;155.1;200;10278997131;S
20240506;100334;155.1;50;10278997132;S
20240506;100334;155.1;10;10278997133;S
20240506;100334;155.1;2030;10278997134;S
20240506;100334;155.1;10;10278997135;S
20240506;100334;155.1;400;10278997136;S
20240506;100334;155.09;100;10278997137;S
20240506;100334;155.09;240;10278997138;S
20240506;100334;155.08;100;10278997139;S
20240506;100334;155.08;240;10278997140;S
20240506;100334;155.08;1130;10278997141;S
20240506;100334;155.1;300;10278997154;B
20240506;100334;155.11;30;10278997155;B
20240506;100334;155.11;1000;10278997191;B
20240506;100335;155.11;10;10278997300;B
20240506;100336;155.09;60;10278997429;B
20240506;100336;155.08;240;10278997433;S
20240506;100336;155.08;2030;10278997434;S
20240506;100336;155.08;400;10278997435;S
20240506;100336;155.07;500;10278997436;S
20240506;100336;155.07;10;10278997437;S
20240506;100336;155.07;240;10278997438;S
20240506;100336;155.06;10;10278997439;S
20240506;100336;155.06;240;10278997440;S
20240506;100336;155.06;10;10278997441;S
20240506;100336;155.06;20;10278997442;S
20240506;100336;155.06;50;10278997443;S
20240506;100336;155.06;1250;10278997444;S
20240506;100336;155.06;100;10278997445;S
20240506;100336;155.06;40;10278997446;S
20240506;100336;155.06;200;10278997447;S
20240506;100336;155.06;1000;10278997448;S
20240506;100336;155.06;10;10278997449;S
20240506;100336;155.05;10;10278997450;S
20240506;100336;155.05;1160;10278997451;S
20240506;100336;155.05;42480;10278997452;S
20240506;100336;155.06;240;10278997453;S
20240506;100336;155.06;200;10278997454;S
20240506;100336;155.06;1830;10278997544;S
20240506;100336;155.06;240;10278997545;S
20240506;100336;155.06;50;10278997546;S
20240506;100336;155.05;2880;10278997547;S
20240506;100337;155.06;240;10278997626;S
20240506;100337;155.05;560;10278997627;S
20240506;100338;155.06;100;10278997936;S
20240506;100339;155.08;120;10278998026;B
20240506;100339;155.08;180;10278998027;B
20240506;100339;155.08;100;10278998084;B
20240506;100339;155.08;130;10278998138;B
20240506;100340;155.08;10;10278998256;B
20240506;100341;155.08;300;10278998329;B
20240506;100341;155.08;10;10278998374;B
20240506;100341;155.07;10;10278998386;S
20240506;100341;155.06;190;10278998387;S
20240506;100342;155.06;310;10278998582;S
20240506;100342;155.05;28150;10278998583;S
20240506;100342;155.07;190;10278998587;B
20240506;100342;155.05;100;10278998591;S
20240506;100343;155.06;10;10278998646;S
20240506;100343;155.05;10;10278998647;S
20240506;100343;155.05;1000;10278998652;S
20240506;100344;155.05;820;10278998875;S
20240506;100345;155.06;10;10278999143;B
20240506;100345;155.07;520;10278999144;B
20240506;100345;155.08;470;10278999145;B
20240506;100346;155.08;10;10278999178;B
20240506;100346;155.08;500;10278999242;B
20240506;100347;155.08;560;10278999379;B
20240506;100347;155.08;430;10278999380;B
20240506;100347;155.09;1000;10278999381;B
20240506;100347;155.09;10;10278999382;B
20240506;100347;155.06;10;10278999480;S
20240506;100348;155.09;110;10278999577;B
20240506;100348;155.07;200;10278999624;S
20240506;100349;155.09;30;10278999645;B
20240506;100349;155.09;20;10278999646;B
20240506;100350;155.06;300;10278999809;S
20240506;100350;155.06;1800;10278999810;S
20240506;100350;155.09;750;10278999813;B
20240506;100350;155.08;10;10278999924;B
20240506;100351;155.06;30;10278999989;S
20240506;100351;155.05;4970;10278999990;S
20240506;100351;155.08;50;10278999993;B
20240506;100351;155.05;10;10279000028;S
20240506;100351;155.08;50;10279000057;B
20240506;100351;155.05;410;10279000082;S
20240506;100352;155.08;10;10279000170;B
20240506;100352;155.05;1990;10279000172;S
20240506;100352;155.05;280;10279000222;S
20240506;100353;155.05;10;10279000279;S
20240506;100353;155.08;10;10279000280;B
20240506;100353;155.05;150;10279000345;S
20240506;100353;155.08;10;10279000375;B
20240506;100354;155.05;40;10279000422;S
20240506;100354;155.05;1500;10279000444;S
20240506;100354;155.08;50;10279000446;B
20240506;100354;155.09;450;10279000447;B
20240506;100354;155.05;3500;10279000554;S
20240506;100355;155.05;100;10279000656;S
20240506;100355;155.08;30;10279000763;B
20240506;100356;155.05;500;10279000795;S
20240506;100356;155.08;10;10279000870;B
20240506;100356;155.06;10;10279000874;S
20240506;100357;155.05;11520;10279001025;S
20240506;100358;155.06;100;10279001100;B
20240506;100358;155.05;500;10279001112;S
20240506;100359;155.05;100;10279001299;S
20240506;100359;155.06;10;10279001334;B
20240506;100359;155.06;10;10279001376;B
20240506;100400;155.06;10;10279001569;B
20240506;100401;155.05;10;10279001593;S
20240506;100401;155.06;50;10279001614;B
20240506;100401;155.05;10;10279001689;S
20240506;100401;155.05;300;10279001739;S
20240506;100402;155.06;10;10279001816;B
20240506;100402;155.06;20;10279001833;B
20240506;100403;155.05;610;10279001992;S
20240506;100403;155.05;150;10279002047;S
20240506;100403;155.06;10;10279002125;B
20240506;100404;155.05;70;10279002135;S
20240506;100404;155.05;150;10279002224;S
20240506;100404;155.05;950;10279002233;S
20240506;100404;155.05;1000;10279002241;S
20240506;100404;155.05;1250;10279002286;S
20240506;100404;155.06;10;10279002394;B
20240506;100405;155.06;20;10279002479;B
20240506;100405;155.06;10;10279002487;B
20240506;100406;155.06;10;10279002708;B
20240506;100407;155.05;100;10279002953;S
20240506;100407;155.05;90;10279003007;S
20240506;100407;155.06;10;10279003059;B
20240506;100408;155.06;10;10279003159;B
20240506;100408;155.06;30;10279003160;B
20240506;100408;155.06;970;10279003404;B
20240506;100408;155.06;10;10279003405;B
20240506;100408;155.06;100;10279003406;B
20240506;100409;155.07;10;10279003541;B
20240506;100410;155.08;960;10279003752;B
20240506;100410;155.09;40;10279003753;B
20240506;100411;155.09;10;10279004009;B
20240506;100412;155.09;1000;10279004103;B
20240506;100412;155.08;140;10279004159;S
20240506;100412;155.08;700;10279004160;S
20240506;100412;155.08;160;10279004161;S
20240506;100412;155.09;3090;10279004193;B
20240506;100412;155.09;700;10279004194;B
20240506;100412;155.1;100;10279004195;B
20240506;100412;155.1;100;10279004196;B
20240506;100412;155.1;380;10279004197;B
20240506;100413;155.11;300;10279004258;S
20240506;100413;155.11;200;10279004259;S
20240506;100413;155.11;960;10279004331;S
20240506;100413;155.11;1040;10279004332;S
20240506;100413;155.12;600;10279004444;B
20240506;100414;155.11;10;10279004475;S
20240506;100414;155.11;1990;10279004495;S
20240506;100414;155.11;200;10279004496;S
20240506;100414;155.11;300;10279004497;S
20240506;100414;155.11;410;10279004498;S
20240506;100414;155.12;400;10279004624;B
20240506;100414;155.13;600;10279004625;B
20240506;100415;155.14;150;10279004777;B
20240506;100416;155.12;100;10279005121;S
20240506;100417;155.12;10;10279005265;S
20240506;100417;155.12;90;10279005266;S
20240506;100417;155.13;400;10279005299;B
20240506;100417;155.14;220;10279005300;B
20240506;100417;155.12;90;10279005306;S
20240506;100417;155.11;50;10279005307;S
20240506;100419;155.14;1000;10279005559;B
20240506;100419;155.12;430;10279005715;S
20240506;100419;155.12;270;10279005716;S
20240506;100420;155.11;10;10279005747;S
20240506;100420;155.14;30;10279005856;B
20240506;100421;155.14;30;10279005914;B
20240506;100421;155.12;80;10279006038;S
20240506;100422;155.14;60;10279006203;B
20240506;100422;155.14;1000;10279006220;B
20240506;100422;155.14;20;10279006231;B
20240506;100422;155.14;10;10279006232;B
20240506;100423;155.13;40;10279006381;S
20240506;100424;155.14;200;10279006465;B
20240506;100424;155.13;1120;10279006516;S
20240506;100424;155.13;10;10279006812;B
20240506;100424;155.13;30;10279006878;B
20240506;100425;155.12;50;10279006918;S
20240506;100425;155.12;870;10279006962;S
20240506;100425;155.12;100;10279006963;S
20240506;100425;155.11;10;10279006964;S
20240506;100425;155.11;10;10279006965;S
20240506;100425;155.11;750;10279006966;S
20240506;100425;155.11;40;10279007013;S
20240506;100425;155.11;1460;10279007040;S
20240506;100426;155.12;200;10279007296;S
20240506;100428;155.13;10;10279007512;B
20240506;100428;155.14;10;10279007514;B
20240506;100428;155.14;570;10279007535;B
20240506;100428;155.14;60;10279007536;B
20240506;100428;155.14;3370;10279007537;B
20240506;100430;155.14;10;10279008048;B
20240506;100430;155.13;100;10279008096;S
20240506;100431;155.13;300;10279008106;S
20240506;100431;155.14;30;10279008260;B
20240506;100432;155.13;700;10279008287;S
20240506;100432;155.13;480;10279008293;S
20240506;100432;155.13;830;10279008395;S
20240506;100432;155.13;490;10279008412;S
20240506;100432;155.13;20;10279008416;B
20240506;100435;155.12;2900;10279008821;S
20240506;100435;155.13;10;10279008936;B
20240506;100435;155.13;350;10279008957;B
20240506;100437;155.13;150;10279009400;B
20240506;100438;155.12;40;10279009437;S
20240506;100438;155.12;3750;10279009567;S
20240506;100439;155.13;20;10279009721;B
20240506;100440;155.12;120;10279009785;S
20240506;100440;155.13;1000;10279009817;B
20240506;100440;155.13;10;10279009823;B
20240506;100440;155.13;10;10279009840;B
20240506;100440;155.12;190;10279009940;S
20240506;100440;155.13;40;10279009948;B
20240506;100441;155.12;210;10279010054;S
20240506;100441;155.13;100;10279010080;B
20240506;100442;155.13;100;10279010149;B
20240506;100442;155.13;20;10279010221;B
20240506;100442;155.12;200;10279010223;S
20240506;100443;155.12;100;10279010239;S
20240506;100444;155.13;200;10279010571;B
20240506;100444;155.12;10;10279010575;S
20240506;100445;155.12;2280;10279010661;S
20240506;100445;155.12;620;10279010662;S
20240506;100445;155.12;50;10279010730;S
20240506;100445;155.12;50;10279010731;S
20240506;100445;155.12;200;10279010732;S
20240506;100445;155.12;20;10279010827;B
20240506;100445;155.12;180;10279010828;B
20240506;100445;155.12;820;10279010829;B
20240506;100446;155.12;1160;10279010868;B
20240506;100446;155.13;260;10279010869;B
20240506;100446;155.13;660;10279010870;B
20240506;100446;155.13;10;10279010871;B
20240506;100446;155.13;100;10279010872;B
20240506;100446;155.13;100;10279010873;B
20240506;100446;155.13;20;10279010874;B
20240506;100446;155.13;1620;10279010875;B
20240506;100446;155.13;50;10279010876;B
20240506;100446;155.11;10;10279010942;S
20240506;100446;155.11;10;10279010943;S
20240506;100446;155.11;10;10279010983;S
20240506;100447;155.13;10;10279011010;B
20240506;100447;155.11;10;10279011069;S
20240506;100449;155.11;10;10279011565;S
20240506;100451;155.13;10;10279012141;B
20240506;100452;155.11;50;10279012238;S
20240506;100452;155.13;10;10279012239;B
20240506;100452;155.13;660;10279012240;B
20240506;100452;155.13;150;10279012241;S
20240506;100452;155.14;10;10279012314;B
20240506;100452;155.14;10;10279012388;B
20240506;100452;155.14;30;10279012396;B
20240506;100453;155.13;130;10279012533;S
20240506;100453;155.13;490;10279012586;S
20240506;100453;155.13;150;10279012610;S
20240506;100454;155.13;10;10279012685;S
20240506;100454;155.13;540;10279012686;S
20240506;100454;155.14;20;10279012707;B
20240506;100455;155.13;300;10279012821;B
20240506;100455;155.13;560;10279012822;B
20240506;100455;155.12;660;10279012865;S
20240506;100455;155.11;710;10279012885;S
20240506;100455;155.11;30;10279012886;S
20240506;100455;155.11;10;10279012887;S
20240506;100455;155.11;10;10279012888;S
20240506;100455;155.11;70;10279012889;S
20240506;100455;155.11;830;10279012890;S
20240506;100455;155.11;600;10279012891;S
20240506;100455;155.12;760;10279012963;B
20240506;100456;155.11;1400;10279013060;S
20240506;100456;155.11;80;10279013061;S
20240506;100457;155.11;580;10279013297;S
20240506;100457;155.11;10;10279013298;S
20240506;100457;155.1;630;10279013299;S
20240506;100457;155.1;200;10279013300;S
20240506;100457;155.1;40;10279013301;S
20240506;100457;155.1;100;10279013302;S
20240506;100457;155.1;670;10279013303;S
20240506;100457;155.1;10;10279013304;S
20240506;100457;155.09;10;10279013305;S
20240506;100457;155.09;10;10279013306;S
20240506;100457;155.08;50;10279013307;S
20240506;100457;155.07;600;10279013308;S
20240506;100457;155.07;600;10279013309;S
20240506;100457;155.07;10;10279013310;S
20240506;100457;155.07;10;10279013311;S
20240506;100457;155.06;3920;10279013312;S
20240506;100457;155.06;10;10279013313;S
20240506;100457;155.06;10;10279013314;S
20240506;100457;155.06;10;10279013315;S
20240506;100457;155.06;10;10279013316;S
20240506;100457;155.06;100;10279013317;S
20240506;100457;155.06;10;10279013318;S
20240506;100457;155.06;50;10279013319;S
20240506;100457;155.06;1500;10279013320;S
20240506;100457;155.06;10;10279013321;S
20240506;100457;155.06;20;10279013322;S
20240506;100457;155.05;9610;10279013323;S
20240506;100457;155.1;100;10279013324;B
20240506;100458;155.05;1460;10279013443;S
20240506;100458;155.06;30;10279013515;B
20240506;100459;155.05;210;10279013634;S
20240506;100459;155.06;110;10279013713;B
20240506;100500;155.06;10;10279013953;B
20240506;100501;155.06;30;10279014132;B
20240506;100501;155.06;10;10279014140;B
20240506;100502;155.06;100;10279014264;B
20240506;100502;155.05;280;10279014370;S
20240506;100502;155.06;10;10279014401;B
20240506;100502;155.06;80;10279014423;B
20240506;100503;155.06;100;10279014487;B
20240506;100503;155.06;10;10279014550;B
20240506;100503;155.06;10;10279014594;B
20240506;100504;155.06;100;10279014946;B
20240506;100505;155.06;10;10279014989;B
20240506;100505;155.06;90;10279015033;B
20240506;100505;155.09;10;10279015034;B
20240506;100505;155.09;720;10279015035;B
20240506;100505;155.1;780;10279015036;B
20240506;100505;155.05;20;10279015048;S
20240506;100506;155.05;100;10279015240;S
20240506;100506;155.05;1000;10279015241;S
20240506;100506;155.05;20;10279015242;S
20240506;100506;155.05;660;10279015243;S
20240506;100506;155.05;10;10279015244;S
20240506;100506;155.05;10;10279015245;S
20240506;100506;155.05;20;10279015246;S
20240506;100506;155.05;100;10279015247;S
20240506;100506;155.05;30;10279015248;S
20240506;100506;155.05;10;10279015249;S
20240506;100506;155.05;10;10279015250;S
20240506;100506;155.05;10;10279015251;S
20240506;100506;155.05;100;10279015252;S
20240506;100506;155.05;2030;10279015253;S
20240506;100506;155.05;150;10279015254;S
20240506;100506;155.05;10;10279015255;S
20240506;100506;155.04;730;10279015256;S
20240506;100506;155.05;10;10279015274;S
20240506;100506;155.05;10;10279015275;S
20240506;100506;155.05;2010;10279015283;S
20240506;100506;155.05;890;10279015285;B
20240506;100506;155.09;210;10279015288;B
20240506;100506;155.1;400;10279015289;B
20240506;100507;155.06;450;10279015456;S
20240506;100507;155.05;50;10279015457;B
20240506;100507;155.09;300;10279015458;B
20240506;100507;155.1;760;10279015459;B
20240506;100507;155.11;390;10279015460;B
20240506;100507;155.1;1160;10279015495;B
20240506;100507;155.11;110;10279015496;B
20240506;100507;155.11;410;10279015497;B
20240506;100507;155.11;270;10279015498;B
20240506;100507;155.11;10;10279015564;B
20240506;100507;155.11;200;10279015600;B
20240506;100508;155.1;50;10279015724;B
20240506;100508;155.04;70;10279015821;S
20240506;100508;155.04;2000;10279015822;S
20240506;100508;155.04;10;10279015823;S
20240506;100508;155.03;10;10279015824;S
20240506;100508;155.03;10;10279015825;S
20240506;100508;155.03;560;10279015826;S
20240506;100508;155.03;300;10279015827;S
20240506;100508;155.02;50;10279015828;S
20240506;100508;155.02;20;10279015829;S
20240506;100508;155.02;10;10279015830;S
20240506;100508;155.02;10;10279015831;S
20240506;100508;155.02;10;10279015832;S
20240506;100508;155.02;20;10279015833;S
20240506;100508;155.02;50;10279015834;S
20240506;100508;155.02;50;10279015835;S
20240506;100508;155.02;710;10279015836;S
20240506;100508;155.02;300;10279015837;S
20240506;100508;155.02;10;10279015838;S
20240506;100508;155.02;10;10279015839;S
20240506;100508;155.02;10;10279015840;S
20240506;100508;155.02;630;10279015841;S
20240506;100508;155.02;1160;10279015842;S
20240506;100508;155.02;30;10279015843;S
20240506;100508;155.02;270;10279015844;S
20240506;100508;155.01;1000;10279015845;S
20240506;100508;155.01;400;10279015846;S
20240506;100508;155.01;10;10279015847;S
20240506;100508;155.01;500;10279015848;S
20240506;100508;155.01;50;10279015849;S
20240506;100508;155.01;2930;10279015850;S
20240506;100510;155.08;10;10279016355;B
20240506;100511;155.08;10;10279016480;B
20240506;100511;155.03;240;10279016595;S
20240506;100511;155.03;50;10279016596;S
20240506;100511;155.03;10;10279016597;S
20240506;100511;155.02;250;10279016598;S
20240506;100511;155.02;560;10279016599;S
20240506;100512;155.08;20;10279016771;B
20240506;100512;155.02;70;10279016927;S
20240506;100513;155.08;50;10279017045;B
20240506;100513;155.08;10;10279017101;B
20240506;100513;155.08;100;10279017179;B
20240506;100514;155.03;500;10279017254;B
20240506;100514;155.08;300;10279017255;B
20240506;100514;155.08;650;10279017256;B
20240506;100514;155.09;50;10279017257;B
