<DATE>;<TIME>;<LAST>;<VOL>;<ID>;<OPER>
20240227;095937;160.15;10;9702582146;S
20240227;095937;160.15;50;9702582147;S
20240227;095937;160.15;20;9702582148;B
20240227;095937;160.15;110;9702582149;B
20240227;095937;160.15;310;9702582150;B
20240227;095937;160.15;500;9702582151;B
20240227;095937;160.15;30;9702582152;B
20240227;095937;160.15;10;9702582153;S
20240227;095937;160.15;10;9702582154;S
20240227;095937;160.15;30;9702582155;S
20240227;095937;160.15;20;9702582156;S
20240227;095937;160.15;200;9702582157;S
20240227;095937;160.15;20;9702582158;S
20240227;095937;160.15;50;9702582159;S
20240227;095937;160.15;20;9702582160;S
20240227;095937;160.15;50;9702582161;S
20240227;095937;160.15;10;9702582162;S
20240227;095937;160.15;10;9702582163;S
20240227;095937;160.15;100;9702582164;S
20240227;095937;160.15;500;9702582165;S
20240227;095937;160.15;10;9702582166;S
20240227;095937;160.15;10;9702582167;S
20240227;095937;160.15;20;9702582168;S
20240227;095937;160.15;440;9702582169;S
20240227;095937;160.15;30;9702582170;S
20240227;095937;160.15;10;9702582171;S
20240227;095937;160.15;100;9702582172;S
20240227;095937;160.15;10;9702582173;S
20240227;095937;160.15;20;9702582174;S
20240227;095937;160.15;50;9702582175;S
20240227;095937;160.15;50;9702582176;S
20240227;095937;160.15;10;9702582177;S
20240227;095937;160.15;40;9702582178;S
20240227;095937;160.15;60;9702582179;S
20240227;095937;160.15;100;9702582180;S
20240227;095937;160.15;20;9702582181;S
20240227;095937;160.15;10;9702582182;S
20240227;095937;160.15;10;9702582183;S
20240227;095937;160.15;60;9702582184;S
20240227;095937;160.15;100;9702582185;S
20240227;095937;160.15;10;9702582186;S
20240227;095937;160.15;10;9702582187;B
20240227;095937;160.15;270;9702582188;S
20240227;095937;160.15;10;9702582189;S
20240227;095937;160.15;60;9702582190;S
20240227;095937;160.15;10;9702582191;S
20240227;095937;160.15;200;9702582192;S
20240227;095937;160.15;10;9702582193;B
20240227;095937;160.15;60;9702582194;B
20240227;095937;160.15;100;9702582195;B
20240227;095937;160.15;10;9702582196;B
20240227;095937;160.15;100;9702582197;B
20240227;095937;160.15;200;9702582198;B
20240227;095937;160.15;1000;9702582199;B
20240227;095937;160.15;250;9702582200;B
20240227;095937;160.15;200;9702582201;B
20240227;095937;160.15;150;9702582202;B
20240227;095937;160.15;200;9702582203;B
20240227;095937;160.15;10;9702582204;B
20240227;095937;160.15;10;9702582205;B
20240227;095937;160.15;150;9702582206;B
20240227;095937;160.15;50;9702582207;B
20240227;095937;160.15;10;9702582208;B
20240227;095937;160.15;4940;9702582209;B
20240227;095937;160.15;5000;9702582210;B
20240227;095937;160.15;5000;9702582211;B
20240227;095937;160.15;60;9702582212;B
20240227;095937;160.15;20;9702582213;B
20240227;095937;160.15;10;9702582214;B
20240227;095937;160.15;30;9702582215;B
20240227;095937;160.15;4880;9702582216;B
20240227;095937;160.15;100;9702582217;B
20240227;095937;160.15;10000;9702582218;B
20240227;095937;160.15;20;9702582219;B
20240227;095937;160.15;10;9702582220;B
20240227;095937;160.15;10;9702582221;S
20240227;095937;160.15;10;9702582222;S
20240227;095937;160.15;10;9702582223;S
20240227;095937;160.15;10;9702582224;S
20240227;095937;160.15;250;9702582225;S
20240227;095937;160.15;150;9702582226;B
20240227;095937;160.15;2850;9702582227;B
20240227;095937;160.15;3500;9702582228;B
20240227;095937;160.15;50;9702582229;B
20240227;095937;160.15;200;9702582230;B
20240227;095937;160.15;2000;9702582231;B
20240227;095937;160.15;10;9702582232;B
20240227;095937;160.15;10;9702582233;B
20240227;095937;160.15;10;9702582234;B
20240227;095937;160.15;370;9702582235;B
20240227;095937;160.15;100;9702582236;B
20240227;095937;160.15;10;9702582237;S
20240227;095937;160.15;110;9702582238;S
20240227;095937;160.15;90;9702582239;S
20240227;095937;160.15;900;9702582240;B
20240227;095937;160.15;250;9702582241;S
20240227;095937;160.15;10;9702582242;B
20240227;095937;160.15;60;9702582243;B
20240227;095937;160.15;10;9702582244;B
20240227;095937;160.15;10;9702582245;B
20240227;095937;160.15;1000;9702582246;B
20240227;095937;160.15;1300;9702582247;B
20240227;095937;160.15;10;9702582248;B
20240227;095937;160.15;10;9702582249;B
20240227;095937;160.15;10;9702582250;B
20240227;095937;160.15;30;9702582251;B
20240227;095937;160.15;60;9702582252;B
20240227;095937;160.15;10;9702582253;B
20240227;095937;160.15;10;9702582254;B
20240227;095937;160.15;10;9702582255;B
20240227;095937;160.15;20;9702582256;B
20240227;095937;160.15;10;9702582257;B
20240227;095937;160.15;10;9702582258;B
20240227;095937;160.15;3000;9702582259;B
20240227;095937;160.15;10;9702582260;B
20240227;095937;160.15;10;9702582261;B
20240227;095937;160.15;40;9702582262;B
20240227;095937;160.15;10;9702582263;B
20240227;095937;160.15;90;9702582264;B
20240227;095937;160.15;10;9702582265;B
20240227;095937;160.15;10;9702582266;B
20240227;095937;160.15;270;9702582267;B
20240227;095937;160.15;10;9702582268;B
20240227;095937;160.15;200;9702582269;B
20240227;095937;160.15;10;9702582270;B
20240227;095937;160.15;30;9702582271;B
20240227;095937;160.15;100;9702582272;B
20240227;095937;160.15;20;9702582273;B
20240227;095937;160.15;10;9702582274;B
20240227;095937;160.15;10;9702582275;B
20240227;095937;160.15;20;9702582276;B
20240227;095937;160.15;20;9702582277;B
20240227;095937;160.15;10;9702582278;B
20240227;095937;160.15;10;9702582279;B
20240227;095937;160.15;10;9702582280;B
20240227;095937;160.15;10;9702582281;B
20240227;095937;160.15;10;9702582282;B
20240227;095937;160.15;10;9702582283;B
20240227;095937;160.15;10;9702582284;B
20240227;095937;160.15;10;9702582285;B
20240227;095937;160.15;10;9702582286;B
20240227;095937;160.15;10;9702582287;B
20240227;095937;160.15;10;9702582288;B
20240227;095937;160.15;500;9702582289;B
20240227;095937;160.15;10;9702582290;B
20240227;095937;160.15;30;9702582291;B
20240227;095937;160.15;20;9702582292;B
20240227;095937;160.15;10;9702582293;B
20240227;095937;160.15;10;9702582294;B
20240227;095937;160.15;10;9702582295;B
20240227;095937;160.15;100;9702582296;B
20240227;095937;160.15;2000;9702582297;B
20240227;095937;160.15;300;9702582298;B
20240227;095937;160.15;250;9702582299;B
20240227;095937;160.15;10;9702582300;B
20240227;095937;160.15;250;9702582301;B
20240227;095937;160.15;20;9702582302;S
20240227;095937;160.15;1600;9702582303;S
20240227;095937;160.15;10;9702582304;S
20240227;095937;160.15;210;9702582305;B
20240227;095937;160.15;10;9702582306;B
20240227;095937;160.15;50;9702582307;B
20240227;095937;160.15;210;9702582308;B
20240227;095937;160.15;70;9702582309;B
20240227;095937;160.15;240;9702582310;S
20240227;095937;160.15;130;9702582311;B
20240227;095937;160.15;30;9702582312;S
20240227;095937;160.15;9590;9702582313;S
20240227;100000;160.14;100;9702588194;S
20240227;100000;160.1;100;9702588342;S
20240227;100000;160.1;100;9702588370;S
20240227;100000;160.1;200;9702588371;S
20240227;100000;160.11;10;9702588567;B
20240227;100000;160.1;1000;9702588678;S
20240227;100000;160.1;100;9702588692;S
20240227;100000;160.1;200;9702588695;S
20240227;100000;160.1;100;9702588700;S
20240227;100000;160.1;200;9702588706;S
20240227;100000;160.1;100;9702588708;S
20240227;100000;160.1;200;9702588709;S
20240227;100000;160.1;100;9702588710;S
20240227;100000;160.11;30;9702588760;B
20240227;100000;160.11;30;9702588785;B
20240227;100000;160.1;10;9702588835;S
20240227;100000;160.1;600;9702589015;S
20240227;100000;160.1;100;9702589215;S
20240227;100001;160.1;70;9702589507;S
20240227;100001;160.1;1840;9702589535;S
20240227;100001;160.1;10;9702589536;S
20240227;100001;160.09;10;9702589537;S
20240227;100001;160.09;10;9702589538;S
20240227;100001;160.09;320;9702589539;S
20240227;100001;160.09;20;9702589540;S
20240227;100001;160.09;10;9702589541;S
20240227;100001;160.09;1000;9702589542;S
20240227;100001;160.09;10;9702589543;S
20240227;100001;160.09;10;9702589544;S
20240227;100001;160.09;10;9702589545;S
20240227;100001;160.09;10;9702589546;S
20240227;100001;160.09;10;9702589547;S
20240227;100001;160.09;10;9702589548;S
20240227;100001;160.09;60;9702589549;S
20240227;100001;160.09;20;9702589550;S
20240227;100001;160.09;20;9702589551;S
20240227;100001;160.09;10;9702589552;S
20240227;100001;160.09;60;9702589553;S
20240227;100001;160.09;130;9702589586;S
20240227;100001;160.09;10;9702589587;S
20240227;100001;160.09;60;9702589588;S
20240227;100001;160.09;10;9702589595;S
20240227;100001;160.09;30;9702589596;S
20240227;100001;160.09;10;9702589597;S
20240227;100001;160.09;30;9702589598;S
20240227;100001;160.09;10;9702589599;S
20240227;100001;160.09;10;9702589600;S
20240227;100001;160.09;200;9702589601;S
20240227;100001;160.09;290;9702589646;S
20240227;100001;160.09;10;9702589647;S
20240227;100001;160.09;20;9702589648;S
20240227;100001;160.09;10;9702589649;S
20240227;100001;160.09;10;9702589650;S
20240227;100001;160.09;10;9702589651;S
20240227;100001;160.09;10;9702589652;S
20240227;100001;160.09;20;9702589653;S
20240227;100001;160.09;10;9702589654;S
20240227;100001;160.09;610;9702589655;S
20240227;100001;160.09;390;9702589657;S
20240227;100001;160.09;590;9702589658;S
20240227;100001;160.09;10;9702589659;S
20240227;100001;160.09;130;9702589660;S
20240227;100001;160.09;10;9702589661;S
20240227;100001;160.09;10;9702589662;S
20240227;100001;160.09;20;9702589663;S
20240227;100001;160.09;30;9702589664;S
20240227;100001;160.09;40;9702589665;S
20240227;100001;160.09;10;9702589666;S
20240227;100001;160.09;30;9702589667;S
20240227;100001;160.09;60;9702589668;S
20240227;100001;160.09;20;9702589669;S
20240227;100001;160.09;50;9702589670;S
20240227;100001;160.08;10;9702589679;S
20240227;100001;160.08;20;9702589680;S
20240227;100001;160.08;20;9702589681;S
20240227;100001;160.08;10;9702589682;S
20240227;100001;160.08;340;9702589683;S
20240227;100001;160.08;40;9702589684;S
20240227;100001;160.08;10;9702589685;S
20240227;100001;160.08;20;9702589686;S
20240227;100001;160.08;30;9702589687;S
20240227;100001;160.08;20;9702589688;S
20240227;100001;160.08;10;9702589689;S
20240227;100001;160.07;10;9702589752;S
20240227;100001;160.07;10;9702589811;S
20240227;100001;160.02;60;9702589821;S
20240227;100001;160.02;10;9702589822;S
20240227;100001;160.02;200;9702589823;S
20240227;100001;160;10;9702589845;S
20240227;100001;160;30;9702589846;S
20240227;100001;160;10;9702589847;S
20240227;100001;160;50;9702589848;S
20240227;100001;160;50;9702589849;S
20240227;100001;160;60;9702589850;S
20240227;100001;160;20;9702589851;S
20240227;100001;160;70;9702589878;S
20240227;100001;160;60;9702589942;S
20240227;100001;160;40;9702589943;S
20240227;100001;160;10;9702589945;S
20240227;100001;160;70;9702589946;S
20240227;100001;160;130;9702589960;S
20240227;100001;160;10;9702589961;S
20240227;100001;160;10;9702589962;S
20240227;100001;160;30;9702589963;S
20240227;100001;160;10;9702589964;S
20240227;100001;160;50;9702589965;S
20240227;100001;160;10;9702589966;S
20240227;100001;160;20;9702589967;S
20240227;100001;160;10;9702589968;S
20240227;100001;160;20;9702589969;S
20240227;100001;160;100;9702589980;S
20240227;100001;160;200;9702589985;S
20240227;100001;160;200;9702589991;S
20240227;100001;160;200;9702589994;S
20240227;100001;160;100;9702589998;S
20240227;100001;160;200;9702590003;S
20240227;100001;160;1740;9702590007;S
20240227;100001;160.01;10;9702590263;B
20240227;100001;160.01;190;9702590348;B
20240227;100001;160.01;100;9702590349;B
20240227;100001;160.01;210;9702590350;B
20240227;100001;160.01;490;9702590540;B
20240227;100001;160.01;100;9702590541;B
20240227;100001;160.01;100;9702590542;B
20240227;100001;160.01;100;9702590543;B
20240227;100001;160.01;200;9702590544;B
20240227;100001;160.01;10;9702590545;B
20240227;100001;160.01;190;9702590547;B
20240227;100001;160.01;200;9702590548;B
20240227;100001;160.01;100;9702590549;B
20240227;100001;160.01;100;9702590550;B
20240227;100001;160.01;200;9702590551;B
20240227;100001;160.01;210;9702590552;B
20240227;100001;160;830;9702590577;S
20240227;100001;160.01;790;9702590622;B
20240227;100001;160.01;210;9702590623;B
20240227;100002;160;100;9702590791;S
20240227;100002;160;1200;9702590792;S
20240227;100002;160;110;9702590806;S
20240227;100002;160;10;9702590807;S
20240227;100002;160;210;9702590808;S
20240227;100002;160;810;9702590809;S
20240227;100002;160.01;60;9702590928;B
20240227;100002;160;750;9702591041;S
20240227;100002;160.01;30;9702591135;B
20240227;100002;160;660;9702591299;S
20240227;100002;160;660;9702591302;S
20240227;100002;160.01;10;9702591638;B
20240227;100002;160;500;9702591710;S
20240227;100002;160;10;9702591728;S
20240227;100003;160;850;9702591885;S
20240227;100003;160.01;120;9702592176;B
20240227;100003;160;10;9702592274;S
20240227;100003;160;680;9702592278;S
20240227;100003;160;1000;9702592279;S
20240227;100003;160;250;9702592280;S
20240227;100003;160;20;9702592281;S
20240227;100003;160;10;9702592282;S
20240227;100003;160;240;9702592283;S
20240227;100003;160;1800;9702592284;S
20240227;100003;160;350;9702592348;S
20240227;100004;160.01;200;9702592358;B
20240227;100004;160.01;20;9702592679;B
20240227;100004;160.01;10;9702592684;B
20240227;100004;160;10;9702592685;S
20240227;100004;160.01;10;9702592686;B
20240227;100004;160.01;330;9702592811;B
20240227;100004;160.01;500;9702592812;B
20240227;100004;160.01;940;9702592813;B
20240227;100004;160.01;200;9702592814;B
20240227;100004;160.01;1000;9702592815;B
20240227;100004;160.01;100;9702592816;B
20240227;100004;160.01;100;9702592817;B
20240227;100004;160.01;100;9702592818;B
20240227;100004;160.01;700;9702592819;B
20240227;100004;160.01;300;9702592820;B
20240227;100004;160.01;980;9702592821;B
20240227;100005;160.01;10;9702593054;B
20240227;100005;160.01;10;9702593080;B
20240227;100005;160.01;10;9702593203;B
20240227;100005;160.01;10;9702593204;B
20240227;100005;160.01;10;9702593207;B
20240227;100005;160;10;9702593366;S
20240227;100005;160;20;9702593367;S
20240227;100005;160.01;10;9702593368;B
20240227;100005;160;10;9702593679;S
20240227;100005;160.01;10;9702593683;B
20240227;100005;160.01;10;9702593693;B
20240227;100005;160.01;10;9702593695;B
20240227;100005;160.01;10;9702593698;B
20240227;100005;160.01;10;9702593699;B
20240227;100005;160.01;10;9702593704;B
20240227;100005;160.01;10;9702593707;B
20240227;100005;160.01;10;9702593851;B
20240227;100005;160;10;9702593853;S
20240227;100005;160.01;20;9702593929;B
20240227;100005;160.01;10;9702593930;B
20240227;100005;160;20;9702593932;S
20240227;100005;160;10;9702593933;S
20240227;100006;160.01;10;9702594114;B
20240227;100006;160;10;9702594219;S
20240227;100006;160.01;10;9702594220;B
20240227;100006;160.01;10;9702594223;B
20240227;100006;160;10;9702594435;S
20240227;100006;160.01;10;9702594436;B
20240227;100006;160.01;20;9702594437;B
20240227;100006;160.01;10;9702594444;B
20240227;100006;160.01;10;9702594445;B
20240227;100006;160.01;10;9702594446;B
20240227;100006;160.01;10;9702594611;B
20240227;100006;160.01;10;9702594612;B
20240227;100006;160;4000;9702594832;S
20240227;100006;160.01;10;9702594840;B
20240227;100006;160.01;10;9702594847;B
20240227;100006;160;50;9702594850;S
20240227;100006;160.01;10;9702594861;B
20240227;100006;160.01;100;9702594869;B
20240227;100006;160.01;10;9702594876;B
20240227;100006;160.01;10;9702594925;B
20240227;100006;160;10;9702594926;S
20240227;100006;160.01;10;9702594927;B
20240227;100006;160.01;30;9702594928;B
20240227;100006;160.01;10;9702594935;B
20240227;100006;160.01;10;9702594936;B
20240227;100006;160.01;10;9702595112;B
20240227;100006;160.01;220;9702595116;B
20240227;100006;160.01;150;9702595117;B
20240227;100006;160;10;9702595119;S
20240227;100006;160.01;10;9702595124;B
20240227;100006;160.01;10;9702595426;B
20240227;100006;160.01;10;9702595546;B
20240227;100006;160;2000;9702595547;S
20240227;100006;160.01;10;9702595548;B
20240227;100006;160;60;9702595601;S
20240227;100006;160;100;9702595806;S
20240227;100006;160;50;9702595807;S
20240227;100006;160.01;10;9702595812;B
20240227;100006;160;10;9702595813;S
20240227;100006;160.01;10;9702595814;B
20240227;100006;160.01;10;9702595846;B
20240227;100006;160.01;10;9702595850;B
20240227;100006;160.01;10;9702595863;B
20240227;100006;160.01;10;9702595885;B
20240227;100006;160.01;10;9702595889;B
20240227;100006;160.01;10;9702595898;B
20240227;100006;160.01;10;9702595906;B
20240227;100006;160.01;30;9702595923;B
20240227;100006;160;20;9702595925;S
20240227;100006;160.01;10;9702595927;B
20240227;100007;160.01;10;9702596133;B
20240227;100007;160;20;9702596135;S
20240227;100007;160;20;9702596139;S
20240227;100007;160.01;110;9702596226;B
20240227;100007;160.01;30;9702596423;B
20240227;100007;160.01;10;9702596424;B
20240227;100007;160.01;10;9702596425;B
20240227;100007;160.01;10;9702596426;B
20240227;100007;160.01;10;9702596427;B
20240227;100008;160.01;10;9702596636;B
20240227;100008;160.01;110;9702596712;B
20240227;100008;160.01;10;9702596713;B
20240227;100008;160.01;10;9702596714;B
20240227;100009;160;10;9702597099;S
20240227;100009;160;150;9702597196;S
20240227;100010;160.01;3580;9702597414;B
20240227;100010;160.01;20;9702597445;B
20240227;100010;160.01;10;9702597446;B
20240227;100010;160.01;200;9702597457;B
20240227;100010;160;10;9702597465;S
20240227;100010;160.01;80;9702597561;B
20240227;100010;160;50;9702597611;S
20240227;100010;160;40;9702597707;S
20240227;100011;160;10;9702597843;S
20240227;100011;160.01;10;9702597919;B
20240227;100011;160;10;9702598150;S
20240227;100012;160;200;9702598327;S
20240227;100013;160.01;30;9702598448;B
20240227;100013;160;250;9702598488;S
20240227;100013;160;2010;9702598558;S
20240227;100013;160;200;9702598569;S
20240227;100013;160;450;9702598618;S
20240227;100013;160;10;9702598619;S
20240227;100013;160;10;9702598620;S
20240227;100013;160;330;9702598621;S
20240227;100015;160.01;10;9702599111;B
20240227;100016;160.01;2000;9702599420;B
20240227;100016;160.01;10;9702599479;B
20240227;100017;160;300;9702599672;S
20240227;100017;160.01;10;9702599854;B
20240227;100018;160.01;200;9702599933;B
20240227;100018;160.01;20;9702600040;B
20240227;100018;160;20;9702600041;S
20240227;100018;160;10;9702600042;S
20240227;100018;160.01;200;9702600060;B
20240227;100019;160.01;200;9702600175;B
20240227;100019;160.01;170;9702600281;B
20240227;100019;160.01;30;9702600282;B
20240227;100019;160;10;9702600422;S
20240227;100021;159.99;10;9702600745;S
20240227;100021;159.99;10;9702600746;S
20240227;100021;159.99;2180;9702600747;S
20240227;100022;159.98;30;9702600977;S
20240227;100022;159.95;10;9702601008;S
20240227;100022;159.95;50;9702601009;S
20240227;100022;159.95;250;9702601010;S
20240227;100022;159.94;230;9702601121;S
20240227;100022;159.93;230;9702601122;S
20240227;100022;159.92;100;9702601123;S
20240227;100022;159.92;20;9702601143;S
20240227;100023;159.92;110;9702601471;S
20240227;100023;159.92;20;9702601476;B
20240227;100024;159.91;20;9702601568;S
20240227;100024;159.91;10;9702601576;S
20240227;100024;159.91;170;9702601761;S
20240227;100024;159.91;140;9702601762;S
20240227;100024;159.92;10;9702601763;B
20240227;100028;159.92;3480;9702602694;B
20240227;100029;159.92;4500;9702602920;B
20240227;100030;159.91;90;9702603132;S
20240227;100030;159.9;400;9702603144;S
20240227;100030;159.9;40;9702603177;S
20240227;100031;159.9;60;9702603430;S
20240227;100031;159.9;50;9702603431;S
20240227;100032;159.91;10;9702603831;B
20240227;100032;159.9;20;9702603840;S
20240227;100033;159.9;10;9702604081;S
20240227;100034;159.9;1110;9702604204;S
20240227;100034;159.9;420;9702604260;S
20240227;100034;159.9;170;9702604261;S
20240227;100034;159.9;510;9702604295;S
20240227;100034;159.9;10;9702604317;S
20240227;100034;159.91;20;9702604321;B
20240227;100034;159.9;700;9702604372;S
20240227;100034;159.9;100;9702604373;S
20240227;100034;159.9;2210;9702604376;S
20240227;100034;159.9;370;9702604447;S
20240227;100034;159.9;370;9702604453;S
20240227;100034;159.91;170;9702604479;B
20240227;100034;159.91;100;9702604480;B
20240227;100034;159.91;230;9702604481;B
20240227;100034;159.9;80;9702604592;S
20240227;100034;159.9;480;9702604597;S
20240227;100034;159.85;300;9702604600;S
20240227;100034;159.85;10;9702604601;S
20240227;100034;159.85;30;9702604602;S
20240227;100034;159.84;50;9702604604;S
20240227;100034;159.84;150;9702604605;S
20240227;100034;159.85;10;9702604645;B
20240227;100034;159.84;150;9702604650;S
20240227;100034;159.81;650;9702604664;S
20240227;100034;159.81;350;9702604760;S
20240227;100034;159.8;10;9702604761;S
20240227;100034;159.8;10;9702604762;S
20240227;100034;159.8;30;9702604763;S
20240227;100035;159.78;10;9702604764;S
20240227;100035;159.77;10;9702604765;S
20240227;100035;159.77;300;9702604766;S
20240227;100035;159.77;240;9702604767;S
20240227;100035;159.77;20;9702604970;S
20240227;100035;159.76;30;9702604971;S
20240227;100035;159.74;530;9702604972;S
20240227;100035;159.73;1420;9702604973;S
20240227;100035;159.72;80;9702604976;S
20240227;100035;159.72;10;9702605005;S
20240227;100035;159.72;10;9702605079;S
20240227;100035;159.71;20;9702605080;S
20240227;100036;159.73;10;9702605110;B
20240227;100036;159.73;100;9702605131;B
20240227;100036;159.73;30;9702605156;B
20240227;100036;159.71;80;9702605193;S
20240227;100036;159.71;140;9702605194;S
20240227;100036;159.73;1000;9702605234;B
20240227;100036;159.73;60;9702605247;B
20240227;100036;159.71;20;9702605258;S
20240227;100037;159.71;40;9702605382;S
20240227;100037;159.72;220;9702605427;B
20240227;100037;159.71;10;9702605553;S
20240227;100038;159.84;10;9702605750;B
20240227;100038;159.86;30;9702605761;B
20240227;100038;159.88;470;9702605762;B
20240227;100038;159.72;120;9702605946;S
20240227;100040;159.71;900;9702606246;S
20240227;100040;159.71;390;9702606247;S
20240227;100040;159.71;460;9702606248;S
20240227;100040;159.71;150;9702606249;B
20240227;100041;159.87;10;9702606638;B
20240227;100041;159.87;500;9702606719;B
20240227;100041;159.87;10;9702606720;B
20240227;100042;159.76;10;9702606903;S
20240227;100044;159.85;680;9702607435;B
20240227;100044;159.87;320;9702607436;B
20240227;100045;159.86;500;9702607491;B
20240227;100045;159.76;10;9702607545;S
20240227;100046;159.84;1500;9702607747;B
20240227;100047;159.81;100;9702607881;B
20240227;100047;159.81;30;9702607888;B
20240227;100048;159.8;10;9702608435;S
20240227;100049;159.89;80;9702608687;B
20240227;100049;159.89;500;9702608832;B
20240227;100050;159.8;10;9702609048;S
20240227;100051;159.84;30;9702609257;B
20240227;100052;159.84;630;9702609371;B
20240227;100052;159.88;1140;9702609372;B
20240227;100052;159.89;230;9702609373;B
20240227;100052;159.88;10;9702609599;B
20240227;100053;159.8;10;9702609727;S
20240227;100055;159.85;10;9702610267;B
20240227;100056;159.8;20;9702610548;S
20240227;100056;159.8;10;9702610549;S
20240227;100056;159.85;700;9702610570;B
20240227;100056;159.85;200;9702610571;B
20240227;100056;159.88;20;9702610572;B
20240227;100056;159.89;80;9702610573;B
20240227;100058;159.84;440;9702611027;S
20240227;100058;159.78;1560;9702611028;S
20240227;100058;159.88;10;9702611046;B
20240227;100058;159.88;1550;9702611079;B
20240227;100058;159.89;2620;9702611080;B
20240227;100059;159.85;50;9702611414;B
20240227;100059;159.88;60;9702611423;S
20240227;100059;159.88;1000;9702611501;B
20240227;100102;159.83;10;9702612238;S
20240227;100103;159.83;200;9702612622;S
20240227;100104;159.88;1000;9702612786;B
20240227;100108;159.82;10;9702613790;S
20240227;100108;159.82;50;9702614107;S
20240227;100109;159.85;10;9702614444;B
20240227;100111;159.85;50;9702614801;B
20240227;100111;159.87;410;9702614802;B
20240227;100111;159.88;540;9702614803;B
20240227;100113;159.88;10;9702615173;B
20240227;100115;159.88;200;9702615494;B
20240227;100115;159.88;10;9702615495;B
20240227;100116;159.9;100;9702615836;B
20240227;100118;159.88;230;9702616080;S
20240227;100119;159.88;10;9702616377;S
20240227;100122;159.9;200;9702617095;B
20240227;100123;159.9;100;9702617315;B
20240227;100124;159.91;280;9702617507;S
20240227;100124;159.91;220;9702617508;S
20240227;100125;159.92;10;9702617581;B
20240227;100125;159.93;230;9702617582;B
20240227;100125;159.96;380;9702617583;B
20240227;100125;159.97;10;9702617584;B
20240227;100125;159.97;370;9702617585;B
20240227;100125;159.96;80;9702617601;B
20240227;100127;159.95;10;9702617987;B
20240227;100131;159.91;10;9702618705;S
20240227;100132;159.95;10;9702619013;B
20240227;100133;159.95;10;9702619032;B
20240227;100133;159.95;10;9702619152;B
20240227;100134;159.95;500;9702619276;B
20240227;100134;159.95;3460;9702619325;B
20240227;100134;159.96;1500;9702619326;B
20240227;100134;159.93;100;9702619346;S
20240227;100134;159.93;760;9702619347;S
20240227;100134;159.91;1000;9702619348;S
20240227;100134;159.9;40;9702619349;S
20240227;100134;159.9;760;9702619350;S
20240227;100134;159.9;290;9702619351;B
20240227;100134;159.9;60;9702619352;B
20240227;100135;159.9;60;9702619759;B
20240227;100135;159.9;10;9702619782;B
20240227;100136;159.9;10;9702619942;B
20240227;100136;159.89;400;9702619983;S
20240227;100136;159.89;30;9702620021;S
20240227;100136;159.89;370;9702620023;S
20240227;100137;159.89;1000;9702620108;S
20240227;100137;159.9;10;9702620109;B
20240227;100137;159.89;380;9702620143;S
20240227;100137;159.89;1880;9702620144;S
20240227;100137;159.88;5740;9702620145;S
20240227;100138;159.9;10;9702620220;B
20240227;100141;159.88;10;9702620741;S
20240227;100142;159.9;10;9702620924;B
20240227;100143;159.9;100;9702621030;B
20240227;100144;159.9;50;9702621327;B
20240227;100145;159.88;250;9702621389;S
20240227;100145;159.85;190;9702621390;S
20240227;100145;159.84;60;9702621391;S
20240227;100149;159.9;100;9702622391;B
20240227;100151;159.88;20;9702622853;S
20240227;100151;159.88;10;9702622854;S
20240227;100154;159.9;20;9702623360;B
20240227;100154;159.9;500;9702623369;B
20240227;100157;159.88;250;9702623900;S
20240227;100157;159.88;110;9702623927;S
20240227;100158;159.9;10;9702623957;B
20240227;100201;159.9;10;9702624665;B
20240227;100202;159.9;450;9702624791;B
20240227;100202;159.96;50;9702624792;B
20240227;100202;159.88;130;9702624795;S
20240227;100202;159.87;100;9702624796;S
20240227;100202;159.86;900;9702624797;S
20240227;100202;159.89;150;9702624918;B
20240227;100203;159.9;100;9702625012;B
20240227;100204;159.9;10;9702625060;B
20240227;100204;159.9;50;9702625066;B
20240227;100205;159.9;20;9702625239;B
20240227;100205;159.9;10;9702625262;B
20240227;100205;159.88;10;9702625395;S
20240227;100206;159.9;10;9702625526;B
20240227;100207;159.88;10;9702625937;S
20240227;100208;159.88;20;9702626115;S
20240227;100208;159.88;100;9702626116;S
20240227;100208;159.87;50;9702626117;S
20240227;100208;159.86;330;9702626118;S
20240227;100209;159.86;1030;9702626421;S
20240227;100209;159.89;10;9702626438;B
20240227;100211;159.86;340;9702626917;S
20240227;100211;159.85;1110;9702626940;S
20240227;100211;159.86;20;9702626946;S
20240227;100212;159.86;10;9702627212;B
20240227;100213;159.85;740;9702627379;S
20240227;100214;159.85;650;9702627574;S
20240227;100214;159.85;830;9702627575;S
20240227;100214;159.85;370;9702627603;S
20240227;100214;159.85;370;9702627628;S
20240227;100215;159.87;20;9702627674;B
20240227;100215;159.87;320;9702627726;B
20240227;100215;159.87;680;9702627727;B
20240227;100215;159.85;150;9702627742;S
20240227;100215;159.85;150;9702627765;S
20240227;100215;159.85;70;9702627803;S
20240227;100215;159.85;70;9702627822;S
20240227;100216;159.85;220;9702627898;S
20240227;100216;159.85;220;9702627926;S
20240227;100216;159.87;10;9702627937;B
20240227;100216;159.86;80;9702628025;S
20240227;100216;159.86;80;9702628055;S
20240227;100218;159.86;20;9702628466;S
20240227;100218;159.85;50;9702628467;S
20240227;100218;159.85;70;9702628497;S
20240227;100222;159.87;10;9702629416;B
20240227;100223;159.87;500;9702629674;B
20240227;100224;159.87;40;9702630035;B
20240227;100224;159.87;1330;9702630083;B
20240227;100224;159.88;170;9702630084;B
20240227;100226;159.87;90;9702630427;B
20240227;100226;159.87;50;9702630484;B
20240227;100226;159.87;1740;9702630598;B
20240227;100226;159.88;2830;9702630599;B
20240227;100226;159.88;330;9702630600;B
20240227;100226;159.89;4600;9702630601;B
20240227;100229;159.87;10;9702631190;S
20240227;100229;159.86;10;9702631191;S
20240227;100229;159.86;10;9702631192;S
20240227;100229;159.86;70;9702631193;S
20240227;100230;159.89;2100;9702631329;B
20240227;100230;159.89;900;9702631330;B
20240227;100232;159.87;20;9702631816;B
20240227;100232;159.89;20;9702631817;B
20240227;100232;159.89;10;9702631904;B
20240227;100233;159.89;500;9702631972;B
20240227;100234;159.9;20;9702632357;B
20240227;100234;159.86;130;9702632376;S
20240227;100234;159.86;10;9702632377;S
20240227;100234;159.86;100;9702632378;S
20240227;100234;159.86;60;9702632379;S
20240227;100235;159.86;10;9702632634;S
20240227;100235;159.85;1990;9702632635;S
20240227;100236;159.9;10;9702632702;B
20240227;100237;159.9;500;9702633005;B
20240227;100237;159.9;40;9702633014;B
20240227;100240;159.87;10;9702633484;S
20240227;100240;159.87;10;9702633485;S
20240227;100240;159.9;10;9702633501;B
20240227;100247;159.88;50;9702634734;B
20240227;100248;159.87;50;9702634865;S
20240227;100248;159.86;10;9702634866;S
20240227;100248;159.85;240;9702634867;S
20240227;100251;159.86;10;9702635309;S
20240227;100251;159.87;500;9702635404;B
20240227;100253;159.87;10;9702635800;B
20240227;100253;159.86;2500;9702635852;S
20240227;100254;159.86;600;9702635853;S
20240227;100254;159.86;100;9702635854;S
20240227;100254;159.87;10;9702635936;B
20240227;100256;159.86;790;9702636261;S
20240227;100257;159.86;2350;9702636358;B
20240227;100257;159.87;10;9702636359;B
20240227;100257;159.87;100;9702636360;B
20240227;100257;159.89;740;9702636361;B
20240227;100257;159.87;50;9702636386;B
20240227;100259;159.87;10;9702636697;B
20240227;100301;159.87;10;9702637115;B
20240227;100301;159.87;10;9702637127;B
20240227;100301;159.89;690;9702637128;B
20240227;100306;159.86;50;9702638206;S
20240227;100307;159.86;100;9702638331;S
20240227;100307;159.86;50;9702638456;S
20240227;100307;159.86;10;9702638457;S
20240227;100311;159.88;1000;9702639265;B
20240227;100311;159.89;60;9702639266;B
20240227;100311;159.89;1940;9702639267;B
20240227;100311;159.89;50;9702639390;B
20240227;100312;159.89;10;9702639437;B
20240227;100313;159.86;10;9702639912;S
20240227;100314;159.86;10;9702640052;S
20240227;100317;159.87;10;9702640558;B
20240227;100318;159.87;160;9702640802;B
20240227;100318;159.89;40;9702640803;B
20240227;100322;159.86;100;9702641356;S
20240227;100322;159.89;100;9702641461;B
20240227;100324;159.88;320;9702641849;S
20240227;100324;159.87;40;9702641856;S
20240227;100324;159.88;10;9702641909;B
20240227;100326;159.88;30;9702642364;B
20240227;100327;159.87;100;9702642609;S
20240227;100329;159.87;300;9702643079;S
20240227;100331;159.88;10;9702643395;B
20240227;100332;159.88;90;9702643476;B
20240227;100332;159.87;560;9702643489;S
20240227;100332;159.87;310;9702643490;S
20240227;100332;159.87;10;9702643526;B
20240227;100332;159.87;10;9702643529;B
20240227;100336;159.87;1000;9702644291;B
20240227;100337;159.86;10;9702644497;S
20240227;100338;159.87;10;9702644728;B
20240227;100341;159.87;340;9702645357;B
20240227;100341;159.87;10;9702645358;B
20240227;100341;159.87;1190;9702645478;B
20240227;100342;159.87;10;9702645572;B
20240227;100342;159.86;170;9702645652;S
20240227;100343;159.87;120;9702645749;B
20240227;100344;159.86;720;9702646002;S
20240227;100344;159.86;1250;9702646003;S
20240227;100344;159.86;10;9702646004;S
20240227;100344;159.86;40;9702646005;S
20240227;100344;159.86;2000;9702646006;S
20240227;100344;159.86;10;9702646007;S
20240227;100344;159.86;10;9702646008;S
20240227;100344;159.85;200;9702646009;S
20240227;100344;159.85;1760;9702646010;S
20240227;100344;159.87;20;9702646027;B
20240227;100347;159.87;30;9702646512;B
20240227;100352;159.86;100;9702647354;S
20240227;100352;159.85;30;9702647364;S
20240227;100356;159.87;230;9702648053;B
20240227;100356;159.87;10;9702648054;B
20240227;100356;159.87;760;9702648055;B
20240227;100356;159.87;880;9702648103;B
20240227;100356;159.87;1040;9702648104;B
20240227;100356;159.87;20;9702648105;B
20240227;100356;159.89;860;9702648106;B
20240227;100356;159.89;2600;9702648107;B
20240227;100356;159.89;310;9702648108;B
20240227;100356;159.9;1000;9702648109;B
20240227;100356;159.9;1000;9702648110;B
20240227;100356;159.9;1400;9702648111;B
20240227;100356;159.9;7360;9702648112;B
20240227;100356;159.9;1000;9702648113;B
20240227;100356;159.9;1290;9702648114;B
20240227;100357;159.85;30;9702648229;S
20240227;100400;159.87;20;9702648998;B
20240227;100400;159.87;30;9702649014;B
20240227;100400;159.87;10;9702649015;B
20240227;100400;159.89;30;9702649016;B
20240227;100400;159.86;10;9702649017;S
20240227;100400;159.86;330;9702649018;S
20240227;100400;159.85;1160;9702649019;S
20240227;100402;159.85;20;9702649556;S
20240227;100404;159.86;10;9702649840;B
20240227;100404;159.87;10;9702649937;B
20240227;100404;159.87;10;9702649965;B
20240227;100407;159.86;10;9702650445;S
20240227;100408;159.87;80;9702650667;B
20240227;100408;159.87;500;9702650668;B
20240227;100408;159.88;310;9702650669;B
20240227;100408;159.89;110;9702650670;B
20240227;100408;159.89;70;9702650714;B
20240227;100409;159.89;10;9702650892;B
20240227;100411;159.89;300;9702651266;B
20240227;100411;159.89;10;9702651324;B
20240227;100414;159.89;10;9702651777;B
20240227;100414;159.86;20;9702651817;S
20240227;100414;159.85;30;9702651855;S
20240227;100416;159.89;20;9702652155;B
20240227;100416;159.86;20;9702652268;S
20240227;100419;159.88;400;9702652880;B
20240227;100421;159.86;30;9702653600;S
20240227;100421;159.85;2970;9702653601;S
20240227;100421;159.85;30;9702653602;S
20240227;100421;159.85;250;9702653603;S
20240227;100421;159.85;300;9702653604;S
20240227;100421;159.85;150;9702653605;S
20240227;100421;159.85;10;9702653606;S
20240227;100421;159.85;1000;9702653607;S
20240227;100421;159.85;10;9702653608;S
20240227;100421;159.85;100;9702653609;S
20240227;100421;159.83;10;9702653610;S
20240227;100421;159.83;50;9702653611;S
20240227;100421;159.83;90;9702653612;S
20240227;100426;159.88;40;9702654628;B
20240227;100426;159.88;10;9702654692;B
20240227;100430;159.88;250;9702655384;B
20240227;100431;159.88;2000;9702655621;B
20240227;100433;159.88;500;9702656005;B
20240227;100434;159.88;60;9702656168;B
20240227;100438;159.88;120;9702657181;B
20240227;100439;159.87;10;9702657220;S
20240227;100439;159.83;190;9702657221;S
20240227;100442;159.83;160;9702657861;S
20240227;100442;159.88;90;9702657926;B
20240227;100442;159.88;10;9702658009;B
20240227;100442;159.88;450;9702658068;B
20240227;100446;159.88;1000;9702658886;B
20240227;100447;159.84;50;9702659143;S
20240227;100454;159.84;10;9702660463;S
20240227;100456;159.88;500;9702660774;B
20240227;100456;159.84;10;9702660780;S
20240227;100457;159.84;150;9702660914;S
20240227;100501;159.84;780;9702661711;S
20240227;100501;159.83;560;9702661712;S
20240227;100501;159.83;330;9702661713;S
20240227;100501;159.82;940;9702661714;S
20240227;100501;159.82;10;9702661715;S
20240227;100501;159.82;10;9702661716;S
20240227;100501;159.81;710;9702661717;S
20240227;100501;159.81;660;9702661718;S
20240227;100502;159.81;200;9702661868;B
20240227;100502;159.81;10;9702661943;B
20240227;100504;159.81;20;9702662204;B
20240227;100504;159.8;200;9702662393;S
20240227;100504;159.8;200;9702662394;S
20240227;100504;159.8;200;9702662395;S
20240227;100505;159.8;2300;9702662584;S
20240227;100505;159.8;500;9702662585;S
20240227;100505;159.8;100;9702662586;S
20240227;100505;159.8;250;9702662587;S
20240227;100505;159.8;330;9702662588;S
20240227;100505;159.79;1000;9702662589;S
20240227;100505;159.79;20;9702662590;S
20240227;100505;159.78;100;9702662591;S
20240227;100505;159.78;300;9702662592;S
20240227;100505;159.78;410;9702662593;S
20240227;100505;159.79;10;9702662629;S
20240227;100505;159.78;30;9702662630;S
20240227;100506;159.8;10;9702662709;B
20240227;100506;159.79;10;9702662926;B
20240227;100506;159.78;100;9702662956;S
20240227;100506;159.78;900;9702662957;S
20240227;100507;159.79;30;9702663124;B
20240227;100507;159.78;1100;9702663195;S
20240227;100507;159.76;900;9702663196;S
20240227;100513;159.78;200;9702664296;B
20240227;100514;159.78;30;9702664386;B
20240227;100514;159.78;10;9702664488;B
20240227;100515;159.78;1000;9702664589;B
20240227;100515;159.77;30;9702664686;S
20240227;100516;159.78;20;9702664744;B
20240227;100518;159.76;300;9702665170;S
20240227;100518;159.76;20;9702665217;S
20240227;100522;159.78;20;9702666165;B
20240227;100523;159.76;1510;9702666318;S
20240227;100523;159.76;490;9702666319;S
20240227;100526;159.76;2510;9702667159;S
20240227;100526;159.76;10;9702667160;S
20240227;100526;159.76;10;9702667161;S
20240227;100527;159.76;10;9702667309;B
20240227;100527;159.76;3000;9702667462;B
20240227;100528;159.75;100;9702667625;S
20240227;100528;159.75;10;9702667626;S
20240227;100528;159.75;10;9702667627;S
20240227;100528;159.73;80;9702667628;S
20240227;100528;159.72;10;9702667629;S
20240227;100528;159.72;250;9702667630;S
20240227;100528;159.72;320;9702667631;S
20240227;100528;159.71;10;9702667632;S
20240227;100528;159.71;1000;9702667633;S
20240227;100528;159.71;70;9702667634;S
20240227;100530;159.76;10;9702668044;B
20240227;100532;159.72;10;9702668517;S
20240227;100534;159.76;5000;9702668856;B
20240227;100534;159.76;310;9702668921;B
20240227;100536;159.72;2350;9702669146;S
20240227;100536;159.72;330;9702669200;S
20240227;100536;159.71;30;9702669201;S
20240227;100536;159.71;100;9702669202;S
20240227;100536;159.71;20;9702669203;S
20240227;100536;159.7;10;9702669204;S
20240227;100536;159.7;510;9702669205;S
20240227;100539;159.75;50;9702670045;B
20240227;100540;159.7;10;9702670115;S
20240227;100540;159.71;10;9702670148;B
20240227;100542;159.71;10;9702670525;B
20240227;100542;159.7;30;9702670636;S
20240227;100543;159.71;10;9702670713;B
20240227;100544;159.71;10;9702670847;B
20240227;100544;159.75;10;9702670848;B
20240227;100548;159.76;10;9702671565;B
20240227;100550;159.77;10;9702671819;B
20240227;100552;159.78;20;9702672158;B
20240227;100553;159.72;10;9702672264;S
20240227;100553;159.71;90;9702672265;S
20240227;100553;159.71;10;9702672286;S
20240227;100553;159.7;450;9702672287;S
20240227;100553;159.7;340;9702672288;S
20240227;100553;159.7;50;9702672289;S
20240227;100553;159.7;10;9702672290;S
20240227;100553;159.7;50;9702672291;S
20240227;100553;159.7;20;9702672292;S
20240227;100553;159.7;30;9702672293;S
20240227;100553;159.7;20;9702672294;S
20240227;100553;159.69;220;9702672295;S
20240227;100553;159.69;780;9702672297;S
20240227;100553;159.69;300;9702672298;S
20240227;100553;159.69;2000;9702672299;S
20240227;100553;159.69;320;9702672300;S
20240227;100553;159.67;10;9702672301;S
20240227;100553;159.67;900;9702672302;S
20240227;100553;159.67;800;9702672303;S
20240227;100553;159.66;40;9702672304;S
20240227;100553;159.66;1500;9702672305;S
20240227;100553;159.66;100;9702672306;S
20240227;100553;159.66;3100;9702672307;S
20240227;100553;159.65;30;9702672308;S
20240227;100553;159.65;8000;9702672309;S
20240227;100553;159.64;10;9702672310;S
20240227;100553;159.64;300;9702672311;S
20240227;100553;159.64;20;9702672312;S
20240227;100553;159.63;5500;9702672313;S
20240227;100553;159.63;200;9702672314;S
20240227;100553;159.63;250;9702672315;S
20240227;100553;159.62;100;9702672316;S
20240227;100553;159.62;30;9702672317;S
20240227;100553;159.62;100;9702672318;S
20240227;100553;159.61;10;9702672319;S
20240227;100553;159.61;100;9702672320;S
20240227;100553;159.61;40;9702672321;S
20240227;100553;159.61;10;9702672322;S
20240227;100553;159.61;200;9702672323;S
20240227;100553;159.61;100;9702672324;S
20240227;100553;159.61;500;9702672325;S
20240227;100553;159.61;1500;9702672326;S
20240227;100553;159.61;2300;9702672327;S
20240227;100553;159.61;10;9702672328;S
20240227;100553;159.61;10;9702672329;S
20240227;100553;159.61;10;9702672330;S
20240227;100553;159.61;10;9702672331;S
20240227;100553;159.61;700;9702672332;S
20240227;100553;159.61;390;9702672333;S
20240227;100553;159.61;20;9702672334;S
20240227;100553;159.61;130;9702672335;S
20240227;100553;159.61;1000;9702672336;S
20240227;100553;159.61;2500;9702672337;S
20240227;100553;159.6;300;9702672338;S
20240227;100553;159.6;10;9702672339;S
20240227;100553;159.6;1000;9702672340;S
20240227;100553;159.6;10;9702672341;S
20240227;100553;159.6;10;9702672342;S
20240227;100553;159.6;10;9702672343;S
20240227;100553;159.6;10;9702672344;S
20240227;100553;159.6;10;9702672345;S
20240227;100553;159.6;10;9702672346;S
20240227;100553;159.6;8200;9702672347;S
20240227;100553;159.62;120;9702672401;S
20240227;100553;159.61;80;9702672402;S
20240227;100555;159.69;100;9702672617;B
20240227;100556;159.69;10;9702672760;B
20240227;100557;159.66;10;9702672969;B
20240227;100600;159.62;1000;9702673311;S
20240227;100600;159.62;320;9702673312;S
20240227;100600;159.61;6100;9702673355;S
20240227;100600;159.61;1000;9702673356;S
20240227;100600;159.61;3900;9702673366;S
20240227;100601;159.6;1100;9702673503;S
20240227;100601;159.6;40;9702673504;S
20240227;100603;159.61;10;9702673870;B
20240227;100605;159.61;10;9702674146;B
20240227;100606;159.61;300;9702674198;B
20240227;100606;159.61;700;9702674199;B
20240227;100606;159.6;20;9702674243;S
20240227;100606;159.6;20;9702674247;S
20240227;100607;159.61;100;9702674409;B
20240227;100608;159.61;30;9702674584;B
20240227;100609;159.61;200;9702674765;B
20240227;100611;159.61;2000;9702675148;B
20240227;100612;159.61;10;9702675422;B
20240227;100614;159.61;10;9702675720;B
20240227;100614;159.61;10;9702675753;B
20240227;100616;159.61;90;9702676152;B
20240227;100618;159.61;1590;9702676354;B
20240227;100618;159.61;410;9702676355;B
20240227;100622;159.61;60;9702677031;B
20240227;100626;159.61;10;9702677674;B
20240227;100629;159.61;20;9702678152;B
20240227;100630;159.6;10;9702678211;S
20240227;100630;159.61;20;9702678245;B
20240227;100631;159.61;100;9702678309;B
20240227;100631;159.6;1910;9702678335;S
20240227;100631;159.6;10;9702678336;S
20240227;100631;159.6;10;9702678337;S
20240227;100631;159.6;40000;9702678338;S
20240227;100631;159.6;10;9702678339;S
20240227;100631;159.6;70;9702678340;S
20240227;100631;159.6;190;9702678341;S
20240227;100631;159.6;10;9702678342;S
20240227;100631;159.6;120;9702678343;S
20240227;100631;159.6;20;9702678344;S
20240227;100631;159.6;30;9702678345;S
20240227;100631;159.6;10;9702678346;S
20240227;100631;159.6;10;9702678347;S
20240227;100631;159.6;40;9702678348;S
20240227;100631;159.6;1000;9702678349;S
20240227;100631;159.6;1000;9702678350;S
20240227;100631;159.6;30;9702678351;S
20240227;100631;159.6;10;9702678352;S
20240227;100631;159.6;1500;9702678353;S
20240227;100631;159.6;6000;9702678354;S
20240227;100631;159.6;1880;9702678355;S
20240227;100631;159.6;20;9702678356;S
20240227;100631;159.6;1000;9702678357;S
20240227;100631;159.6;10;9702678358;S
20240227;100631;159.6;10;9702678359;S
20240227;100631;159.6;190;9702678361;S
20240227;100631;159.59;10;9702678362;S
20240227;100631;159.59;10;9702678363;S
20240227;100631;159.59;100;9702678364;S
20240227;100631;159.59;50;9702678365;S
20240227;100632;159.58;100;9702678515;S
20240227;100632;159.57;10;9702678516;S
20240227;100632;159.57;730;9702678517;S
20240227;100632;159.6;400;9702678607;B
20240227;100632;159.57;20;9702678615;S
20240227;100634;159.59;420;9702678990;B
20240227;100634;159.6;80;9702678991;B
20240227;100635;159.6;50;9702679062;B
20240227;100635;159.6;130;9702679138;B
20240227;100637;159.6;10;9702679375;B
20240227;100638;159.58;10;9702679420;B
20240227;100638;159.58;10;9702679484;B
20240227;100641;159.58;200;9702679832;B
20240227;100642;159.58;10;9702679887;B
20240227;100643;159.58;40;9702680014;B
20240227;100644;159.58;750;9702680252;B
20240227;100644;159.58;250;9702680253;B
20240227;100644;159.57;120;9702680296;S
20240227;100646;159.58;30;9702680500;B
20240227;100652;159.58;50;9702681721;B
20240227;100653;159.58;100;9702681837;B
20240227;100653;159.58;220;9702681838;B
20240227;100653;159.58;10;9702681867;B
20240227;100655;159.58;100;9702682107;B
20240227;100655;159.58;10;9702682126;B
20240227;100658;159.58;310;9702682439;B
20240227;100658;159.58;540;9702682440;B
20240227;100658;159.58;10;9702682441;B
20240227;100659;159.57;1080;9702682527;S
20240227;100659;159.57;20;9702682528;S
20240227;100659;159.57;10;9702682529;S
20240227;100659;159.57;100;9702682530;S
20240227;100659;159.57;10;9702682531;S
20240227;100659;159.57;100;9702682532;S
20240227;100659;159.57;10;9702682533;S
20240227;100659;159.57;20;9702682534;S
20240227;100659;159.57;150;9702682535;S
20240227;100659;159.58;20;9702682541;B
20240227;100659;159.57;100;9702682611;S
20240227;100659;159.58;730;9702682676;B
20240227;100659;159.58;270;9702682677;B
20240227;100700;159.59;100;9702682802;B
20240227;100704;159.57;20;9702683460;S
20240227;100705;159.58;800;9702683656;B
20240227;100705;159.59;50;9702683657;B
20240227;100705;159.59;2130;9702683658;B
20240227;100705;159.59;1610;9702683659;B
20240227;100705;159.59;410;9702683660;B
20240227;100706;159.58;210;9702683841;B
20240227;100707;159.58;790;9702683979;B
20240227;100707;159.58;210;9702683980;B
20240227;100707;159.58;10;9702684031;B
20240227;100707;159.58;30;9702684032;B
20240227;100707;159.57;10;9702684049;S
20240227;100709;159.58;500;9702684401;B
20240227;100710;159.57;920;9702684584;S
20240227;100710;159.57;500;9702684585;S
20240227;100710;159.57;500;9702684586;S
20240227;100710;159.57;20;9702684587;S
20240227;100711;159.57;500;9702684669;B
20240227;100711;159.57;300;9702684688;B
20240227;100711;159.57;200;9702684705;B
20240227;100711;159.57;800;9702684706;B
20240227;100711;159.57;200;9702684760;B
20240227;100714;159.56;10;9702685048;S
20240227;100714;159.56;20;9702685049;S
20240227;100714;159.57;10;9702685118;B
20240227;100714;159.56;20;9702685138;S
20240227;100714;159.56;70;9702685139;S
20240227;100715;159.57;10;9702685244;B
20240227;100715;159.57;10;9702685251;B
20240227;100717;159.57;570;9702685553;B
20240227;100717;159.58;50;9702685564;B
20240227;100717;159.58;400;9702685565;B
20240227;100717;159.58;20;9702685566;B
20240227;100717;159.59;870;9702685567;B
20240227;100717;159.59;1660;9702685568;B
20240227;100717;159.57;430;9702685611;S
20240227;100717;159.56;430;9702685612;S
20240227;100717;159.56;1140;9702685613;S
20240227;100718;159.58;10;9702685688;B
20240227;100719;159.58;2000;9702685774;B
20240227;100720;159.58;100;9702685918;B
20240227;100720;159.58;600;9702685919;B
20240227;100720;159.58;400;9702685967;B
20240227;100721;159.59;80;9702686263;B
20240227;100723;159.58;10;9702686518;S
20240227;100725;159.59;500;9702686781;B
20240227;100725;159.58;1000;9702686784;S
20240227;100725;159.59;260;9702686859;B
20240227;100725;159.59;3980;9702686860;B
20240227;100725;159.59;2000;9702686861;B
20240227;100726;159.59;10;9702686912;B
20240227;100726;159.59;10;9702686975;B
20240227;100726;159.59;90;9702686976;B
20240227;100731;159.59;2000;9702687608;B
20240227;100734;159.59;10;9702687888;B
20240227;100734;159.59;400;9702687909;B
20240227;100734;159.59;1600;9702687910;B
20240227;100734;159.59;10;9702687996;B
20240227;100736;159.59;990;9702688360;B
20240227;100736;159.59;560;9702688361;B
20240227;100736;159.59;1450;9702688362;B
20240227;100736;159.58;110;9702688388;S
20240227;100737;159.59;10;9702688684;B
20240227;100738;159.59;10;9702688764;B
20240227;100738;159.58;10;9702688797;S
20240227;100738;159.58;20;9702688876;S
20240227;100738;159.58;10;9702688943;S
20240227;100740;159.58;440;9702689302;S
20240227;100740;159.58;10;9702689303;S
20240227;100740;159.58;250;9702689304;S
20240227;100740;159.58;10;9702689305;S
20240227;100740;159.58;290;9702689306;S
20240227;100742;159.58;710;9702689513;S
20240227;100742;159.58;1000;9702689514;S
20240227;100742;159.58;130;9702689515;S
20240227;100742;159.57;20;9702689585;S
20240227;100743;159.58;160;9702689734;B
20240227;100743;159.59;840;9702689735;B
20240227;100744;159.59;100;9702690158;B
20240227;100744;159.59;50;9702690166;B
20240227;100749;159.59;40;9702690831;B
20240227;100749;159.59;460;9702690832;B
20240227;100750;159.59;540;9702691008;B
20240227;100750;159.59;460;9702691009;B
20240227;100750;159.59;190;9702691020;B
20240227;100753;159.59;150;9702691608;B
20240227;100755;159.58;10;9702691920;S
20240227;100755;159.58;1000;9702691921;S
20240227;100755;159.57;1980;9702691922;S
20240227;100755;159.57;30;9702691923;S
20240227;100755;159.57;10;9702691924;S
20240227;100755;159.57;100;9702691925;S
20240227;100755;159.57;300;9702691926;S
20240227;100755;159.56;1880;9702691927;S
20240227;100755;159.55;120;9702691928;S
20240227;100755;159.55;30;9702691929;S
20240227;100755;159.55;1000;9702691930;S
20240227;100755;159.55;1000;9702691931;S
20240227;100755;159.55;1280;9702691932;S
20240227;100755;159.55;30;9702691933;S
20240227;100755;159.55;300;9702691934;S
20240227;100755;159.55;10;9702691935;S
20240227;100755;159.55;140;9702691936;S
20240227;100755;159.54;10;9702691937;S
20240227;100755;159.54;1500;9702691938;S
20240227;100755;159.54;200;9702691939;S
20240227;100755;159.54;500;9702691940;S
20240227;100755;159.53;10;9702691941;S
20240227;100755;159.53;10;9702691942;S
20240227;100755;159.53;20;9702691943;S
20240227;100755;159.53;240;9702691944;S
20240227;100756;159.58;10;9702692153;B
20240227;100759;159.58;30;9702692600;B
20240227;100759;159.58;10;9702692605;B
20240227;100800;159.57;130;9702692783;S
20240227;100801;159.57;370;9702692944;S
20240227;100802;159.56;10;9702693081;B
20240227;100805;159.55;10;9702693699;S
20240227;100806;159.55;10;9702694084;S
20240227;100806;159.56;10;9702694106;B
20240227;100807;159.56;780;9702694230;B
20240227;100807;159.56;220;9702694231;B
20240227;100808;159.56;1000;9702694536;B
20240227;100811;159.56;1500;9702694917;B
20240227;100811;159.56;2000;9702694918;B
20240227;100811;159.56;10;9702694919;B
20240227;100811;159.56;10;9702694920;B
20240227;100811;159.56;1480;9702694921;S
20240227;100811;159.56;10;9702694956;B
20240227;100811;159.56;10;9702694975;B
20240227;100812;159.56;80;9702695219;B
20240227;100817;159.55;20;9702696173;S
20240227;100817;159.56;70;9702696182;B
20240227;100820;159.55;60;9702696775;S
20240227;100820;159.55;20;9702696776;S
20240227;100820;159.55;10;9702696777;S
20240227;100820;159.53;60;9702696778;S
20240227;100820;159.52;90;9702696779;S
20240227;100820;159.52;10;9702696780;S
20240227;100820;159.52;300;9702696781;S
20240227;100820;159.52;10;9702696782;S
20240227;100820;159.52;250;9702696783;S
20240227;100820;159.52;200;9702696784;S
20240227;100821;159.53;10;9702697058;B
20240227;100822;159.52;1680;9702697158;S
20240227;100822;159.51;10;9702697159;S
20240227;100822;159.51;1000;9702697160;S
20240227;100822;159.51;10;9702697161;S
20240227;100822;159.51;50;9702697162;S
20240227;100822;159.51;100;9702697163;S
20240227;100822;159.51;50;9702697164;S
20240227;100822;159.51;1340;9702697165;S
20240227;100822;159.53;10;9702697223;B
20240227;100823;159.53;20;9702697426;B
20240227;100823;159.53;50;9702697494;B
20240227;100824;159.53;10;9702697707;B
20240227;100826;159.52;400;9702698183;S
20240227;100827;159.53;100;9702698310;B
20240227;100830;159.53;10;9702699031;B
20240227;100831;159.53;190;9702699098;B
20240227;100833;159.53;20;9702699389;B
20240227;100834;159.53;590;9702699614;B
20240227;100834;159.53;110;9702699615;B
20240227;100834;159.53;1000;9702699681;B
20240227;100835;159.53;440;9702699713;B
20240227;100841;159.52;1480;9702700845;S
20240227;100841;159.52;10;9702700846;S
20240227;100841;159.52;20;9702700847;S
20240227;100841;159.51;10;9702700882;S
20240227;100841;159.52;600;9702700892;B
20240227;100841;159.52;1000;9702700921;B
20240227;100843;159.51;1650;9702701213;S
20240227;100843;159.51;100;9702701214;S
20240227;100843;159.51;10;9702701215;S
20240227;100843;159.51;10;9702701216;S
20240227;100843;159.51;1000;9702701217;S
20240227;100843;159.51;150;9702701218;S
20240227;100843;159.51;520;9702701219;S
20240227;100843;159.51;80;9702701220;S
20240227;100843;159.51;400;9702701221;S
20240227;100843;159.51;50;9702701222;S
20240227;100843;159.51;40;9702701223;S
20240227;100844;159.51;100;9702701424;S
20240227;100844;159.5;50;9702701425;S
20240227;100844;159.5;20;9702701426;S
20240227;100844;159.5;10;9702701427;S
20240227;100844;159.5;10;9702701428;S
20240227;100844;159.5;10;9702701429;S
20240227;100844;159.5;800;9702701430;S
20240227;100845;159.51;1000;9702701518;B
20240227;100845;159.51;50;9702701529;B
20240227;100845;159.5;60;9702701561;S
20240227;100845;159.5;990;9702701631;S
20240227;100845;159.5;10;9702701632;S
20240227;100845;159.5;10;9702701633;S
20240227;100845;159.5;490;9702701634;S
20240227;100845;159.51;10;9702701672;B
20240227;100846;159.51;10;9702701767;B
20240227;100846;159.5;10;9702701866;S
20240227;100846;159.5;100;9702701867;S
20240227;100846;159.5;10;9702701868;S
20240227;100846;159.5;100;9702701869;S
20240227;100846;159.5;30;9702701870;S
20240227;100846;159.5;70;9702701871;S
20240227;100846;159.5;30;9702701872;S
20240227;100846;159.5;1000;9702701873;S
20240227;100846;159.5;20;9702701874;S
20240227;100846;159.5;20;9702701875;S
20240227;100846;159.5;10;9702701876;S
20240227;100846;159.5;10;9702701877;S
20240227;100846;159.5;3000;9702701878;S
20240227;100846;159.5;10;9702701879;S
20240227;100846;159.5;1000;9702701880;S
20240227;100846;159.5;10;9702701881;S
20240227;100846;159.5;100;9702701882;S
20240227;100846;159.5;100;9702701883;S
20240227;100846;159.5;10;9702701884;S
20240227;100846;159.5;100;9702701885;S
20240227;100846;159.5;1000;9702701886;S
20240227;100846;159.5;180;9702701887;S
20240227;100846;159.5;40;9702701888;S
20240227;100846;159.5;40;9702701889;S
20240227;100846;159.5;40;9702701890;S
20240227;100846;159.5;40;9702701891;S
20240227;100846;159.5;20;9702701892;S
20240227;100846;159.5;2580;9702701893;S
20240227;100846;159.5;500;9702701894;S
20240227;100846;159.5;450;9702701895;S
20240227;100846;159.5;30;9702701896;S
20240227;100846;159.5;10;9702701897;S
20240227;100846;159.5;10;9702701898;S
20240227;100846;159.5;20;9702701899;S
20240227;100846;159.5;10;9702701900;S
20240227;100846;159.5;30;9702701901;S
20240227;100846;159.5;800;9702701902;S
20240227;100846;159.5;50;9702701903;S
20240227;100846;159.5;10;9702701904;S
20240227;100846;159.5;10;9702701905;S
20240227;100846;159.5;10;9702701906;S
20240227;100846;159.5;10;9702701907;S
20240227;100846;159.5;100;9702701908;S
20240227;100846;159.5;10;9702701909;S
20240227;100846;159.5;50;9702701910;S
20240227;100846;159.5;200;9702701911;S
20240227;100846;159.5;10;9702701912;S
20240227;100846;159.5;10;9702701913;S
20240227;100846;159.5;20;9702701914;S
20240227;100846;159.5;100;9702701915;S
20240227;100846;159.5;80;9702701916;S
20240227;100846;159.5;10;9702701917;S
20240227;100846;159.5;10;9702701918;S
20240227;100846;159.49;10;9702701923;S
20240227;100846;159.48;10;9702701933;S
20240227;100846;159.48;100;9702701934;S
20240227;100846;159.47;50;9702701941;S
20240227;100846;159.47;10;9702701942;S
20240227;100846;159.47;70;9702701943;S
20240227;100846;159.47;10;9702701944;S
20240227;100846;159.46;1000;9702701946;B
20240227;100846;159.46;500;9702701947;B
20240227;100847;159.46;20;9702701990;B
20240227;100847;159.46;10;9702702053;B
20240227;100847;159.45;10;9702702158;S
20240227;100847;159.45;10;9702702159;S
20240227;100847;159.45;380;9702702160;S
20240227;100847;159.45;20;9702702170;S
20240227;100847;159.46;30;9702702230;B
20240227;100848;159.46;10;9702702302;B
20240227;100853;159.46;430;9702703025;B
20240227;100853;159.46;570;9702703026;B
20240227;100853;159.46;230;9702703164;B
20240227;100853;159.46;270;9702703165;B
20240227;100854;159.46;1500;9702703239;B
20240227;100854;159.46;2000;9702703240;B
20240227;100854;159.46;230;9702703241;B
20240227;100855;159.46;10;9702703571;B
20240227;100859;159.46;50;9702704027;B
20240227;100900;159.46;710;9702704240;B
20240227;100900;159.46;100;9702704241;B
20240227;100900;159.47;40;9702704253;B
20240227;100901;159.47;80;9702704377;S
20240227;100903;159.47;920;9702704733;B
20240227;100903;159.47;1000;9702704734;B
20240227;100903;159.47;3180;9702704735;B
20240227;100903;159.47;700;9702704736;B
20240227;100903;159.47;1490;9702704737;B
20240227;100903;159.46;190;9702704743;S
20240227;100903;159.46;500;9702704744;S
20240227;100903;159.46;1000;9702704745;S
20240227;100903;159.45;100;9702704746;S
20240227;100903;159.45;10;9702704747;S
20240227;100903;159.45;40;9702704748;S
20240227;100903;159.45;10;9702704749;S
20240227;100904;159.45;20;9702704897;B
20240227;100905;159.45;50;9702704992;B
20240227;100905;159.44;10;9702705075;S
20240227;100905;159.43;10;9702705076;S
20240227;100905;159.43;10;9702705077;S
20240227;100905;159.43;100;9702705143;S
20240227;100906;159.45;500;9702705271;B
20240227;100907;159.43;20;9702705412;S
20240227;100908;159.44;10;9702705519;B
20240227;100909;159.44;70;9702705802;B
20240227;100910;159.44;20;9702705891;B
20240227;100912;159.44;500;9702706330;B
20240227;100912;159.43;370;9702706366;S
20240227;100912;159.43;370;9702706376;S
20240227;100912;159.43;740;9702706418;S
20240227;100912;159.43;730;9702706443;S
20240227;100912;159.43;10;9702706444;S
20240227;100912;159.44;20;9702706455;B
20240227;100912;159.44;10;9702706519;B
20240227;100913;159.43;150;9702706604;S
20240227;100913;159.43;150;9702706618;S
20240227;100913;159.44;60;9702706641;B
20240227;100913;159.43;740;9702706663;S
20240227;100913;159.43;740;9702706690;S
20240227;100913;159.43;220;9702706737;S
20240227;100913;159.43;200;9702706740;S
20240227;100913;159.43;20;9702706741;S
20240227;100915;159.43;10;9702707375;S
20240227;100915;159.44;20;9702707394;B
20240227;100917;159.43;10;9702707796;S
20240227;100917;159.43;520;9702707797;S
20240227;100917;159.44;1000;9702707840;B
20240227;100919;159.44;20;9702708283;B
20240227;100920;159.43;4520;9702708641;S
20240227;100920;159.43;500;9702708642;S
20240227;100920;159.43;1940;9702708643;S
20240227;100920;159.43;40;9702708644;S
20240227;100920;159.43;100;9702708645;S
20240227;100921;159.43;400;9702708724;S
20240227;100923;159.43;10;9702709203;B
20240227;100924;159.43;990;9702709417;B
20240227;100924;159.43;510;9702709418;B
20240227;100925;159.42;50;9702709449;S
20240227;100925;159.42;100;9702709450;S
20240227;100925;159.42;50;9702709451;S
20240227;100925;159.43;50;9702709530;B
20240227;100926;159.43;10;9702709674;B
20240227;100927;159.42;450;9702709948;S
20240227;100927;159.42;10;9702709949;S
20240227;100927;159.42;20;9702709950;S
20240227;100929;159.43;310;9702710209;B
20240227;100929;159.42;1860;9702710228;S
20240227;100929;159.41;50;9702710229;S
20240227;100929;159.41;10;9702710230;S
20240227;100929;159.41;10;9702710231;S
20240227;100929;159.41;500;9702710232;S
20240227;100929;159.41;4160;9702710233;S
20240227;100929;159.41;50;9702710234;S
20240227;100929;159.41;10;9702710235;S
20240227;100929;159.41;150;9702710236;S
20240227;100929;159.4;10;9702710237;S
20240227;100929;159.4;10;9702710238;S
20240227;100929;159.4;10;9702710239;S
20240227;100929;159.4;200;9702710240;S
20240227;100929;159.4;40;9702710241;S
20240227;100929;159.4;10;9702710242;S
20240227;100929;159.4;100;9702710243;S
20240227;100929;159.4;20;9702710244;S
20240227;100929;159.4;2000;9702710245;S
20240227;100929;159.4;2000;9702710246;S
20240227;100929;159.4;2000;9702710247;S
20240227;100929;159.4;10;9702710248;S
20240227;100929;159.4;100;9702710249;S
20240227;100929;159.4;1000;9702710250;S
20240227;100929;159.4;10;9702710251;S
20240227;100929;159.4;90;9702710252;S
20240227;100929;159.4;500;9702710253;S
20240227;100929;159.4;150;9702710254;S
20240227;100929;159.4;160;9702710255;S
20240227;100929;159.4;20;9702710256;S
20240227;100929;159.4;50;9702710257;S
20240227;100929;159.39;100;9702710258;S
20240227;100929;159.38;50;9702710259;S
20240227;100929;159.37;10;9702710260;S
20240227;100929;159.37;100;9702710261;S
20240227;100929;159.37;250;9702710262;S
20240227;100929;159.36;800;9702710263;S
20240227;100929;159.35;130;9702710264;S
20240227;100929;159.35;100;9702710265;S
20240227;100929;159.34;100;9702710266;S
20240227;100929;159.34;50;9702710267;S
20240227;100929;159.34;40;9702710268;S
20240227;100929;159.34;100;9702710269;S
20240227;100929;159.33;10;9702710270;S
20240227;100929;159.33;70;9702710271;S
20240227;100929;159.33;100;9702710272;S
20240227;100929;159.33;8000;9702710273;S
20240227;100929;159.33;200;9702710274;S
20240227;100929;159.32;100;9702710275;S
20240227;100929;159.32;150;9702710276;S
20240227;100929;159.32;10;9702710277;S
20240227;100929;159.32;50;9702710278;S
20240227;100929;159.32;10;9702710279;S
20240227;100929;159.32;500;9702710280;S
20240227;100929;159.31;90;9702710281;S
20240227;100929;159.31;10;9702710282;S
20240227;100929;159.31;500;9702710283;S
20240227;100929;159.31;20;9702710284;S
20240227;100929;159.31;6000;9702710285;S
20240227;100929;159.31;8000;9702710286;S
20240227;100929;159.31;320;9702710287;S
20240227;100929;159.31;50;9702710288;S
20240227;100929;159.3;10;9702710289;S
20240227;100929;159.3;10;9702710290;S
20240227;100929;159.3;40;9702710291;S
20240227;100929;159.3;10;9702710292;S
20240227;100929;159.3;10;9702710293;S
20240227;100929;159.3;200;9702710294;S
20240227;100929;159.3;10000;9702710295;S
20240227;100929;159.3;100;9702710296;S
20240227;100929;159.3;10;9702710297;S
20240227;100929;159.3;10;9702710298;S
20240227;100929;159.3;1000;9702710299;S
20240227;100929;159.29;280;9702710300;S
20240227;100929;159.29;50;9702710301;S
20240227;100929;159.29;10;9702710302;S
20240227;100929;159.28;10;9702710303;S
20240227;100929;159.28;8000;9702710304;S
20240227;100929;159.28;500;9702710305;S
20240227;100929;159.27;70;9702710306;S
20240227;100929;159.27;10;9702710307;S
20240227;100929;159.26;3360;9702710308;S
20240227;100929;159.34;80;9702710313;S
20240227;100929;159.28;10;9702710333;B
20240227;100929;159.28;10;9702710409;B
20240227;100929;159.28;80;9702710410;B
20240227;100930;159.27;100;9702710426;S
20240227;100930;159.27;10;9702710427;S
20240227;100930;159.27;50;9702710428;S
20240227;100930;159.28;10;9702710432;B
20240227;100930;159.27;1000;9702710476;S
20240227;100930;159.26;60;9702710477;S
20240227;100930;159.26;10;9702710478;S
20240227;100930;159.25;10;9702710479;S
20240227;100930;159.25;10;9702710480;S
20240227;100930;159.25;500;9702710481;S
20240227;100930;159.25;10;9702710482;S
20240227;100930;159.25;1000;9702710483;S
20240227;100930;159.24;10;9702710484;S
20240227;100930;159.24;10;9702710485;S
20240227;100930;159.24;10;9702710486;S
20240227;100930;159.24;460;9702710487;S
20240227;100930;159.24;1880;9702710488;S
20240227;100930;159.23;10;9702710489;S
20240227;100930;159.23;200;9702710490;S
20240227;100930;159.23;5930;9702710491;S
20240227;100930;159.27;10;9702710492;B
20240227;100930;159.27;10;9702710493;B
20240227;100930;159.25;1000;9702710504;S
20240227;100930;159.24;1880;9702710505;S
20240227;100930;159.24;40;9702710506;S
20240227;100930;159.23;4070;9702710507;S
20240227;100930;159.22;1000;9702710508;S
20240227;100930;159.22;100;9702710509;S
20240227;100930;159.22;500;9702710510;S
20240227;100930;159.21;10;9702710511;S
20240227;100930;159.21;350;9702710512;S
20240227;100930;159.21;10;9702710513;S
20240227;100930;159.21;3000;9702710514;S
20240227;100930;159.21;1000;9702710515;S
20240227;100930;159.21;150;9702710516;S
20240227;100930;159.21;2680;9702710517;S
20240227;100930;159.2;10;9702710518;S
20240227;100930;159.2;10;9702710519;S
20240227;100930;159.2;100;9702710520;S
20240227;100930;159.2;10;9702710521;S
20240227;100930;159.2;70;9702710522;S
20240227;100930;159.2;9600;9702710523;S
20240227;100930;159.2;10;9702710524;S
20240227;100930;159.2;20190;9702710525;S
20240227;100931;159.23;100;9702710625;B
20240227;100931;159.23;10;9702710671;B
20240227;100931;159.23;10;9702710673;B
20240227;100931;159.22;10;9702710717;S
20240227;100931;159.23;20;9702710718;B
20240227;100931;159.23;10;9702710722;B
20240227;100931;159.22;90;9702710725;S
20240227;100932;159.23;100;9702710838;B
20240227;100932;159.23;1000;9702710921;B
20240227;100932;159.23;10;9702710926;B
20240227;100932;159.23;10;9702710941;B
20240227;100933;159.22;10;9702711064;S
20240227;100933;159.23;880;9702711099;B
20240227;100933;159.23;20;9702711128;B
20240227;100933;159.23;50;9702711161;B
20240227;100934;159.22;690;9702711281;S
20240227;100934;159.23;10;9702711323;B
20240227;100935;159.23;20;9702711405;B
20240227;100935;159.22;40;9702711506;S
20240227;100938;159.23;20;9702711886;B
20240227;100938;159.23;50;9702711893;B
20240227;100939;159.23;100;9702712053;B
20240227;100940;159.22;160;9702712303;S
20240227;100940;159.22;200;9702712304;S
20240227;100940;159.22;40;9702712305;S
20240227;100940;159.22;800;9702712306;S
20240227;100940;159.22;20;9702712307;S
20240227;100940;159.22;10;9702712308;S
20240227;100940;159.22;250;9702712309;S
20240227;100940;159.22;1000;9702712310;S
20240227;100940;159.21;360;9702712311;S
20240227;100940;159.23;260;9702712422;B
20240227;100940;159.23;740;9702712423;B
20240227;100940;159.22;200;9702712442;S
20240227;100940;159.23;260;9702712446;B
20240227;100940;159.24;330;9702712447;B
20240227;100941;159.24;800;9702712638;S
20240227;100941;159.24;1880;9702712639;S
20240227;100941;159.24;1000;9702712640;S
20240227;100941;159.24;1000;9702712641;S
20240227;100941;159.23;1000;9702712642;S
20240227;100941;159.23;1000;9702712643;S
20240227;100941;159.22;600;9702712644;S
20240227;100941;159.22;2720;9702712645;S
20240227;100942;159.25;10;9702712941;B
20240227;100942;159.25;100;9702712974;B
20240227;100943;159.25;250;9702713188;B
20240227;100944;159.24;20;9702713233;S
20240227;100944;159.24;70;9702713311;S
20240227;100944;159.25;60;9702713313;B
20240227;100946;159.25;7860;9702713742;B
20240227;100946;159.26;370;9702713743;B
20240227;100946;159.29;1000;9702713744;B
20240227;100946;159.29;200;9702713745;B
20240227;100946;159.3;1400;9702713746;B
20240227;100946;159.3;500;9702713747;B
20240227;100946;159.31;360;9702713748;B
20240227;100947;159.26;630;9702713917;S
20240227;100948;159.28;100;9702714114;S
20240227;100949;159.33;100;9702714403;B
20240227;100950;159.29;10;9702714500;B
20240227;100952;159.31;10;9702714827;B
20240227;100952;159.32;800;9702714855;B
20240227;100952;159.32;370;9702714856;B
20240227;100952;159.33;1830;9702714857;B
20240227;100952;159.3;130;9702714966;S
20240227;100953;159.32;20;9702715243;B
20240227;100954;159.3;370;9702715427;S
20240227;100954;159.3;50;9702715428;S
20240227;100954;159.29;160;9702715429;S
20240227;100954;159.28;400;9702715430;S
20240227;100954;159.28;20;9702715431;S
20240227;100954;159.26;1880;9702715432;S
20240227;100954;159.26;2500;9702715433;S
20240227;100954;159.25;500;9702715434;S
20240227;100954;159.3;370;9702715510;B
20240227;100954;159.3;1000;9702715511;B
20240227;100954;159.31;630;9702715512;B
20240227;100957;159.28;10;9702716262;S
20240227;100957;159.28;50;9702716263;S
20240227;100957;159.27;1000;9702716264;S
20240227;100957;159.26;1880;9702716265;S
20240227;100957;159.26;10;9702716266;S
20240227;100957;159.25;1110;9702716267;S
20240227;100957;159.3;50;9702716462;B
20240227;100959;159.29;1960;9702716824;B
20240227;100959;159.3;950;9702716825;B
20240227;100959;159.31;360;9702716826;B
20240227;100959;159.34;490;9702716827;B
20240227;100959;159.27;10;9702716934;S
20240227;100959;159.27;290;9702716935;S
20240227;100959;159.31;800;9702716937;B
20240227;101001;159.31;200;9702717241;S
20240227;101001;159.26;1470;9702717242;S
20240227;101001;159.25;1390;9702717243;S
20240227;101001;159.25;10;9702717244;S
20240227;101001;159.25;1000;9702717245;S
20240227;101001;159.25;290;9702717246;S
20240227;101001;159.25;7640;9702717260;B
20240227;101001;159.27;360;9702717261;B
20240227;101001;159.3;200;9702717262;B
20240227;101001;159.31;800;9702717263;B
20240227;101001;159.32;1000;9702717264;B
20240227;101001;159.31;1000;9702717265;B
20240227;101001;159.31;1000;9702717266;B
20240227;101001;159.32;360;9702717267;B
20240227;101001;159.32;3760;9702717268;B
20240227;101001;159.33;7100;9702717269;B
20240227;101001;159.34;510;9702717270;B
20240227;101001;159.34;200;9702717271;B
20240227;101001;159.35;1070;9702717272;B
20240227;101002;159.34;200;9702717619;B
20240227;101005;159.33;3460;9702718335;B
20240227;101005;159.33;1000;9702718336;B
20240227;101005;159.33;2000;9702718337;B
20240227;101005;159.33;100;9702718338;B
20240227;101005;159.34;1000;9702718339;B
20240227;101005;159.34;800;9702718340;B
20240227;101005;159.34;360;9702718341;B
20240227;101006;159.35;10;9702718395;B
20240227;101006;159.35;990;9702718481;B
20240227;101006;159.35;10;9702718482;B
20240227;101006;159.34;20;9702718483;S
20240227;101008;159.35;50;9702718788;B
20240227;101008;159.35;1670;9702718854;B
20240227;101008;159.35;1000;9702718855;B
20240227;101008;159.35;2000;9702718856;B
20240227;101008;159.35;4970;9702718857;B
20240227;101008;159.35;360;9702718858;B
20240227;101008;159.35;10;9702718944;B
20240227;101010;159.35;20;9702719114;B
20240227;101010;159.35;160;9702719115;B
20240227;101011;159.35;10;9702719589;B
20240227;101011;159.35;10740;9702719692;B
20240227;101011;159.35;1000;9702719693;B
20240227;101011;159.35;2000;9702719694;B
20240227;101011;159.35;900;9702719695;B
20240227;101011;159.35;360;9702719696;B
20240227;101012;159.35;1500;9702719873;B
20240227;101013;159.35;750;9702720468;B
20240227;101013;159.35;1440;9702720469;B
20240227;101015;159.35;200;9702721010;B
20240227;101015;159.35;500;9702721011;B
20240227;101015;159.35;50;9702721021;B
20240227;101016;159.34;20;9702721296;S
20240227;101017;159.35;10;9702721431;B
20240227;101017;159.35;240;9702721460;B
20240227;101017;159.35;1000;9702721461;B
20240227;101017;159.35;760;9702721462;B
20240227;101018;159.35;80;9702721634;B
20240227;101019;159.35;280;9702721684;B
20240227;101019;159.35;3000;9702721685;B
20240227;101019;159.35;510;9702721686;B
20240227;101019;159.35;1000;9702721687;B
20240227;101019;159.35;210;9702721688;B
20240227;101019;159.35;1000;9702721708;B
20240227;101020;159.35;4000;9702721987;B
20240227;101020;159.35;2000;9702721988;B
20240227;101021;159.35;2000;9702721998;B
20240227;101022;159.35;10;9702722221;B
20240227;101024;159.35;550;9702722863;B
20240227;101025;159.35;20;9702722922;B
20240227;101025;159.35;10;9702722940;B
20240227;101025;159.35;410;9702723066;B
20240227;101025;159.35;590;9702723067;B
20240227;101027;159.35;10;9702723360;B
20240227;101028;159.35;50;9702723564;B
20240227;101028;159.35;940;9702723581;B
20240227;101028;159.35;560;9702723582;B
20240227;101028;159.35;20;9702723613;B
20240227;101029;159.35;500;9702723671;B
20240227;101029;159.35;2880;9702723762;B
20240227;101029;159.35;1000;9702723763;B
20240227;101029;159.35;1120;9702723764;B
20240227;101030;159.35;50;9702723915;B
20240227;101030;159.35;950;9702723920;B
20240227;101030;159.35;1050;9702723921;B
20240227;101030;159.35;60;9702724022;B
20240227;101030;159.35;940;9702724033;B
20240227;101030;159.35;1060;9702724034;B
20240227;101032;159.35;1000;9702724440;B
20240227;101032;159.35;1000;9702724441;B
20240227;101033;159.35;10;9702724487;B
20240227;101033;159.35;50;9702724567;B
20240227;101034;159.35;80;9702724630;B
20240227;101034;159.35;100;9702724743;B
20240227;101036;159.35;30;9702724883;B
20240227;101036;159.34;1240;9702724886;S
20240227;101036;159.34;240;9702724887;S
20240227;101036;159.34;200;9702724888;S
20240227;101036;159.34;10;9702724889;S
20240227;101036;159.34;250;9702724890;S
20240227;101036;159.34;10;9702724891;S
20240227;101036;159.34;170;9702724892;S
20240227;101036;159.34;10;9702724893;S
20240227;101036;159.34;100;9702724894;S
20240227;101036;159.34;120;9702724895;S
20240227;101038;159.35;10;9702725398;B
20240227;101040;159.35;500;9702726008;B
20240227;101041;159.35;10;9702726222;B
20240227;101044;159.35;1000;9702726734;B
20240227;101051;159.34;30;9702727837;S
20240227;101051;159.34;50;9702727878;S
20240227;101051;159.34;240;9702727879;S
20240227;101051;159.34;10;9702727880;S
20240227;101051;159.34;10;9702727881;S
20240227;101051;159.34;1690;9702727882;S
20240227;101052;159.35;120;9702728099;B
20240227;101052;159.34;10;9702728107;S
20240227;101053;159.34;80;9702728265;S
20240227;101054;159.34;10;9702728346;S
20240227;101055;159.35;10;9702728517;B
20240227;101055;159.35;10;9702728518;B
20240227;101058;159.35;10;9702728992;B
20240227;101059;159.35;50;9702729031;B
20240227;101059;159.34;10;9702729138;S
20240227;101100;159.34;200;9702729264;S
20240227;101100;159.34;10;9702729265;S
20240227;101100;159.34;240;9702729266;S
20240227;101100;159.34;10;9702729267;S
20240227;101100;159.34;220;9702729268;S
20240227;101100;159.34;360;9702729269;S
20240227;101100;159.33;240;9702729270;S
20240227;101100;159.33;50;9702729271;S
20240227;101100;159.32;240;9702729272;S
20240227;101100;159.32;250;9702729273;S
20240227;101100;159.32;1000;9702729274;S
20240227;101100;159.32;200;9702729275;S
20240227;101100;159.31;40;9702729276;S
20240227;101101;159.32;240;9702729363;S
20240227;101101;159.31;200;9702729364;S
20240227;101101;159.31;1000;9702729365;S
20240227;101101;159.31;200;9702729366;S
20240227;101101;159.32;240;9702729369;S
20240227;101101;159.31;150;9702729370;S
20240227;101101;159.31;1000;9702729371;S
20240227;101101;159.31;10;9702729372;S
20240227;101101;159.31;1000;9702729373;S
20240227;101101;159.31;240;9702729374;S
20240227;101101;159.31;30;9702729376;B
20240227;101101;159.31;330;9702729438;B
20240227;101101;159.31;170;9702729439;B
20240227;101101;159.31;10;9702729441;B
20240227;101105;159.31;200;9702730015;B
20240227;101108;159.3;10;9702730541;S
20240227;101108;159.3;500;9702730542;S
20240227;101108;159.3;240;9702730543;S
20240227;101108;159.3;1000;9702730544;S
20240227;101108;159.3;1800;9702730545;S
20240227;101110;159.31;60;9702731134;B
20240227;101111;159.31;200;9702731236;B
20240227;101111;159.31;70;9702731309;B
20240227;101112;159.31;20;9702731388;B
20240227;101113;159.3;200;9702731578;S
20240227;101113;159.31;70;9702731583;B
20240227;101113;159.31;310;9702731753;B
20240227;101113;159.31;3670;9702731754;B
20240227;101113;159.31;20;9702731755;B
20240227;101114;159.3;20;9702731788;S
20240227;101114;159.3;30;9702731789;S
20240227;101114;159.3;10;9702731790;S
20240227;101114;159.31;50;9702731814;B
20240227;101114;159.31;600;9702731889;B
20240227;101114;159.31;100;9702731899;B
20240227;101116;159.31;70;9702732096;B
20240227;101116;159.31;500;9702732133;B
20240227;101117;159.31;10;9702732318;B
20240227;101117;159.31;240;9702732347;B
20240227;101117;159.31;10;9702732348;B
20240227;101118;159.31;20;9702732415;B
20240227;101118;159.31;20;9702732416;B
20240227;101118;159.31;360;9702732418;B
20240227;101118;159.31;100;9702732420;B
20240227;101119;159.31;250;9702732643;B
20240227;101119;159.31;680;9702732644;B
20240227;101119;159.31;320;9702732697;B
20240227;101119;159.31;650;9702732698;B
20240227;101119;159.31;10;9702732704;B
20240227;101120;159.31;300;9702732755;B
20240227;101120;159.31;40;9702732802;B
20240227;101120;159.31;10;9702732803;B
20240227;101120;159.31;50;9702732877;B
20240227;101121;159.31;740;9702732954;B
20240227;101121;159.31;10;9702733011;B
20240227;101121;159.31;70;9702733070;B
20240227;101122;159.31;30;9702733141;B
20240227;101122;159.31;10;9702733189;B
20240227;101122;159.31;40;9702733190;B
20240227;101123;159.31;100;9702733237;B
20240227;101123;159.31;40;9702733262;B
20240227;101123;159.31;60;9702733284;B
20240227;101123;159.31;840;9702733296;B
20240227;101123;159.31;380;9702733297;B
20240227;101123;159.31;100;9702733298;B
20240227;101123;159.31;10;9702733304;B
20240227;101123;159.31;80;9702733355;B
20240227;101124;159.31;50;9702733383;B
20240227;101124;159.31;140;9702733519;B
20240227;101125;159.31;50;9702733558;B
20240227;101125;159.31;70;9702733706;B
20240227;101126;159.3;60;9702733756;S
20240227;101126;159.3;50;9702733757;S
20240227;101126;159.3;890;9702733758;S
20240227;101126;159.31;120;9702733781;B
20240227;101126;159.31;50;9702733782;B
20240227;101126;159.31;10;9702733784;B
20240227;101126;159.31;1000;9702733820;B
20240227;101126;159.31;30;9702733821;B
20240227;101127;159.31;560;9702733964;B
20240227;101128;159.31;10;9702734040;B
20240227;101128;159.31;10;9702734041;B
20240227;101128;159.31;170;9702734055;B
20240227;101128;159.31;160;9702734062;B
20240227;101128;159.31;160;9702734063;B
20240227;101128;159.31;1000;9702734066;B
20240227;101128;159.31;60;9702734075;B
20240227;101128;159.31;10;9702734076;B
20240227;101128;159.31;200;9702734099;B
20240227;101130;159.31;180;9702734349;B
20240227;101130;159.31;30;9702734363;B
20240227;101130;159.31;20;9702734409;B
20240227;101132;159.31;1000;9702734606;B
20240227;101132;159.31;40;9702734607;B
20240227;101132;159.31;60;9702734686;B
20240227;101132;159.31;30;9702734698;B
20240227;101133;159.31;100;9702734758;B
20240227;101133;159.31;50;9702734791;B
20240227;101133;159.3;10;9702734876;S
20240227;101133;159.31;40;9702734877;B
20240227;101134;159.31;20;9702734915;B
20240227;101134;159.31;20;9702734916;B
20240227;101134;159.31;10;9702734934;B
20240227;101134;159.31;10;9702734953;B
20240227;101134;159.31;150;9702734989;B
20240227;101134;159.31;60;9702735010;B
20240227;101135;159.31;50;9702735024;B
20240227;101135;159.31;120;9702735025;B
20240227;101136;159.31;30;9702735157;B
20240227;101137;159.31;10;9702735312;B
20240227;101138;159.31;1000;9702735397;B
20240227;101138;159.31;30;9702735400;B
20240227;101138;159.31;20;9702735419;B
20240227;101139;159.31;400;9702735473;B
20240227;101139;159.31;80;9702735497;B
20240227;101139;159.31;10;9702735498;B
20240227;101139;159.31;40;9702735557;B
20240227;101140;159.3;100;9702735629;S
20240227;101140;159.3;10;9702735630;S
20240227;101140;159.3;10;9702735631;S
20240227;101140;159.3;1000;9702735632;S
20240227;101140;159.3;10;9702735633;S
20240227;101140;159.3;100;9702735634;S
20240227;101140;159.3;890;9702735635;S
20240227;101140;159.3;1000;9702735636;S
20240227;101140;159.3;240;9702735637;S
20240227;101140;159.3;500;9702735638;S
20240227;101140;159.3;500;9702735639;S
20240227;101140;159.3;1000;9702735640;S
20240227;101140;159.3;50;9702735641;S
20240227;101140;159.3;1000;9702735642;S
20240227;101140;159.3;90;9702735643;S
20240227;101140;159.31;10;9702735650;B
20240227;101140;159.31;200;9702735691;B
20240227;101141;159.31;23760;9702735796;B
20240227;101141;159.3;250;9702735839;S
20240227;101141;159.31;2000;9702735906;B
20240227;101142;159.31;140;9702736000;B
20240227;101143;159.31;80;9702736126;B
20240227;101147;159.31;50;9702736695;B
20240227;101147;159.31;10;9702736748;B
20240227;101148;159.3;160;9702736897;S
20240227;101148;159.3;10;9702736898;S
20240227;101148;159.3;20;9702736899;S
20240227;101148;159.3;110;9702736900;S
20240227;101148;159.3;20;9702736901;S
20240227;101148;159.3;50;9702736902;S
20240227;101148;159.3;10;9702736903;S
20240227;101148;159.3;10;9702736904;S
20240227;101148;159.3;1000;9702736905;S
20240227;101148;159.3;1000;9702736906;S
20240227;101148;159.3;240;9702736907;S
20240227;101148;159.3;100;9702736908;S
20240227;101148;159.3;1000;9702736909;S
20240227;101148;159.3;20;9702736910;S
20240227;101148;159.29;1000;9702736911;S
20240227;101148;159.29;240;9702736912;S
20240227;101148;159.29;10;9702736913;S
20240227;101148;159.31;20;9702736914;B
20240227;101149;159.31;120;9702736941;B
20240227;101149;159.31;20;9702736942;B
20240227;101149;159.31;10;9702736988;B
20240227;101150;159.31;2000;9702737065;B
20240227;101150;159.31;40;9702737066;B
20240227;101150;159.3;10;9702737154;S
20240227;101150;159.31;10;9702737191;B
20240227;101151;159.31;160;9702737258;B
20240227;101151;159.31;60;9702737262;B
20240227;101152;159.31;10;9702737367;B
20240227;101152;159.31;110;9702737375;B
20240227;101152;159.31;20;9702737404;B
20240227;101152;159.31;240;9702737410;B
20240227;101152;159.31;260;9702737411;B
20240227;101152;159.31;40;9702737412;B
20240227;101152;159.31;70;9702737420;B
20240227;101152;159.31;20;9702737463;B
20240227;101154;159.31;50;9702737696;B
20240227;101154;159.31;30;9702737766;B
20240227;101155;159.31;70;9702737970;B
20240227;101156;159.31;10;9702738022;B
20240227;101156;159.31;90;9702738063;B
20240227;101156;159.31;40;9702738074;B
20240227;101157;159.31;10;9702738171;B
20240227;101157;159.31;50;9702738174;B
20240227;101157;159.31;50;9702738196;B
20240227;101157;159.31;500;9702738203;B
20240227;101158;159.31;20;9702738230;B
20240227;101158;159.31;10;9702738231;B
20240227;101159;159.31;500;9702738466;B
20240227;101200;159.3;30;9702738469;S
20240227;101200;159.31;20;9702738528;B
20240227;101200;159.3;350;9702738548;S
20240227;101201;159.31;50;9702738585;B
20240227;101201;159.31;140;9702738596;B
20240227;101202;159.31;370;9702738722;B
20240227;101202;159.31;1630;9702738723;B
20240227;101204;159.31;4310;9702739061;B
20240227;101205;159.3;610;9702739240;S
20240227;101205;159.3;240;9702739241;S
20240227;101205;159.3;650;9702739242;S
20240227;101205;159.31;320;9702739247;B
20240227;101205;159.31;200;9702739258;B
20240227;101205;159.31;500;9702739259;B
20240227;101206;159.31;30;9702739282;B
20240227;101206;159.31;50;9702739292;B
20240227;101206;159.31;50;9702739343;B
20240227;101207;159.31;10;9702739444;B
20240227;101207;159.31;20;9702739532;B
20240227;101208;159.31;50;9702739652;B
20240227;101209;159.3;20;9702739748;S
20240227;101209;159.31;500;9702739750;B
20240227;101210;159.31;500;9702739816;B
20240227;101210;159.31;210;9702739858;B
20240227;101210;159.31;30;9702739859;B
20240227;101211;159.3;220;9702739937;S
20240227;101211;159.31;500;9702739959;B
20240227;101212;159.31;120;9702740086;B
20240227;101212;159.31;380;9702740087;B
20240227;101215;159.31;40;9702740595;B
20240227;101217;159.31;290;9702740835;B
20240227;101219;159.31;5730;9702741129;B
20240227;101219;159.31;3310;9702741130;B
20240227;101219;159.31;550;9702741131;B
20240227;101221;159.31;1000;9702741366;B
20240227;101224;159.31;10;9702741971;B
20240227;101225;159.3;110;9702742016;S
20240227;101225;159.3;870;9702742017;S
20240227;101225;159.31;650;9702742043;B
20240227;101225;159.31;20;9702742152;B
20240227;101226;159.31;500;9702742200;B
20240227;101226;159.31;10;9702742256;B
20240227;101226;159.31;40;9702742331;B
20240227;101226;159.31;1370;9702742335;B
20240227;101227;159.31;200;9702742469;B
20240227;101227;159.3;90;9702742507;S
20240227;101229;159.3;40;9702742675;S
20240227;101229;159.3;29960;9702742676;S
20240227;101229;159.31;1000;9702742683;B
20240227;101231;159.3;40;9702742921;S
20240227;101231;159.3;10;9702742922;S
20240227;101231;159.31;2560;9702742975;B
20240227;101231;159.32;300;9702742976;B
20240227;101231;159.34;140;9702742977;B
20240227;101240;159.34;2000;9702744496;B
20240227;101240;159.34;200;9702744497;B
20240227;101240;159.35;2000;9702744498;B
20240227;101240;159.36;1740;9702744499;B
20240227;101240;159.36;420;9702744500;B
20240227;101240;159.37;3410;9702744501;B
20240227;101240;159.36;50;9702744560;B
20240227;101241;159.36;1770;9702744708;B
20240227;101245;159.36;180;9702745298;B
20240227;101245;159.36;2000;9702745299;B
20240227;101245;159.37;10;9702745300;B
20240227;101245;159.38;420;9702745301;B
20240227;101245;159.38;4590;9702745302;B
20240227;101245;159.39;1000;9702745303;B
20240227;101245;159.4;5000;9702745304;B
20240227;101245;159.4;80;9702745305;B
20240227;101245;159.41;500;9702745306;B
20240227;101245;159.41;250;9702745307;B
20240227;101245;159.41;1000;9702745308;B
20240227;101245;159.41;200;9702745309;B
20240227;101245;159.42;500;9702745310;B
20240227;101245;159.42;1000;9702745311;B
20240227;101245;159.42;3270;9702745312;B
20240227;101245;159.38;240;9702745313;S
20240227;101245;159.38;370;9702745314;S
20240227;101245;159.37;1000;9702745319;S
20240227;101247;159.37;100;9702745714;B
20240227;101248;159.37;10;9702745791;B
20240227;101250;159.36;10;9702746025;S
20240227;101252;159.36;10;9702746347;S
20240227;101253;159.37;10;9702746554;B
20240227;101254;159.36;50;9702746661;S
20240227;101255;159.37;30;9702746777;B
20240227;101255;159.37;500;9702746782;B
20240227;101256;159.37;300;9702746918;B
20240227;101259;159.37;50;9702747391;B
20240227;101259;159.37;600;9702747392;B
20240227;101259;159.37;350;9702747393;B
20240227;101300;159.37;1000;9702747641;B
20240227;101301;159.37;1000;9702747728;B
20240227;101301;159.36;170;9702747766;S
20240227;101301;159.36;130;9702747767;S
20240227;101301;159.37;200;9702747773;B
20240227;101301;159.37;10;9702747774;B
20240227;101301;159.38;390;9702747775;B
20240227;101301;159.38;200;9702747776;B
20240227;101301;159.38;200;9702747777;B
20240227;101304;159.37;10;9702748419;S
20240227;101306;159.38;800;9702748693;B
20240227;101306;159.38;200;9702748694;B
20240227;101306;159.38;500;9702748772;B
20240227;101308;159.38;80;9702749027;B
20240227;101309;159.38;10;9702749269;B
20240227;101309;159.38;780;9702749281;B
20240227;101309;159.38;220;9702749282;B
20240227;101309;159.38;200;9702749283;B
20240227;101309;159.38;200;9702749284;B
20240227;101309;159.38;380;9702749285;B
20240227;101309;159.42;100;9702749288;B
20240227;101309;159.42;100;9702749289;B
20240227;101310;159.39;1000;9702749333;S
20240227;101310;159.39;240;9702749334;S
20240227;101310;159.39;1000;9702749335;S
20240227;101310;159.39;1000;9702749336;S
20240227;101310;159.39;800;9702749337;S
20240227;101310;159.38;940;9702749338;S
20240227;101310;159.38;1000;9702749339;S
20240227;101310;159.38;240;9702749340;S
20240227;101310;159.38;200;9702749341;S
20240227;101310;159.38;1000;9702749342;B
20240227;101310;159.38;10000;9702749374;B
20240227;101310;159.38;200;9702749483;B
20240227;101310;159.38;20;9702749507;B
20240227;101311;159.38;5000;9702749580;B
20240227;101311;159.38;1000;9702749601;B
20240227;101313;159.38;320;9702749891;B
20240227;101313;159.42;300;9702749892;B
20240227;101313;159.42;80;9702749893;B
20240227;101315;159.42;160;9702750256;S
20240227;101316;159.43;10;9702750363;B
20240227;101317;159.43;10;9702750438;B
20240227;101317;159.43;990;9702750439;B
20240227;101321;159.43;20;9702751360;B
20240227;101322;159.43;500;9702751587;B
20240227;101323;159.43;810;9702751764;B
20240227;101324;159.43;120;9702751946;B
20240227;101324;159.43;1000;9702751983;B
20240227;101327;159.42;230;9702752673;S
20240227;101327;159.43;500;9702752683;B
20240227;101330;159.43;20;9702753169;B
20240227;101331;159.43;20;9702753228;B
20240227;101331;159.43;10;9702753306;B
20240227;101333;159.43;500;9702753518;B
20240227;101334;159.43;700;9702753674;B
20240227;101334;159.44;600;9702753675;B
20240227;101334;159.44;100;9702753676;B
20240227;101334;159.45;400;9702753677;B
20240227;101334;159.47;500;9702753678;B
20240227;101334;159.47;120;9702753679;B
20240227;101334;159.48;500;9702753680;B
20240227;101334;159.48;1310;9702753681;B
20240227;101334;159.49;500;9702753682;B
20240227;101334;159.49;270;9702753683;B
20240227;101334;159.44;100;9702753685;B
20240227;101336;159.5;30;9702754005;B
20240227;101338;159.49;100;9702754274;B
20240227;101338;159.5;900;9702754275;B
20240227;101338;159.5;500;9702754294;B
20240227;101338;159.5;1100;9702754330;B
20240227;101339;159.46;100;9702754482;S
20240227;101342;159.5;1000;9702754905;B
20240227;101345;159.5;100;9702755117;B
20240227;101346;159.49;10;9702755283;B
20240227;101347;159.49;20;9702755392;B
20240227;101347;159.47;10;9702755477;S
20240227;101349;159.49;20;9702755706;B
20240227;101349;159.49;30;9702755707;B
20240227;101349;159.5;230;9702755708;B
20240227;101350;159.5;10;9702755732;B
20240227;101351;159.5;20;9702755862;B
20240227;101352;159.48;800;9702756117;S
20240227;101352;159.47;230;9702756118;S
20240227;101352;159.47;680;9702756119;S
20240227;101353;159.49;20;9702756145;B
20240227;101354;159.47;100;9702756418;S
20240227;101354;159.49;10;9702756422;B
20240227;101354;159.49;10;9702756423;B
20240227;101354;159.5;80;9702756424;B
20240227;101359;159.49;150;9702756958;B
20240227;101401;159.49;20;9702757256;B
20240227;101402;159.49;50;9702757355;B
20240227;101404;159.49;10;9702757637;B
20240227;101407;159.48;10;9702758137;S
20240227;101407;159.48;10;9702758138;S
20240227;101407;159.48;10;9702758160;B
20240227;101408;159.48;20;9702758213;B
20240227;101408;159.48;10;9702758343;B
20240227;101411;159.47;10;9702758614;S
20240227;101412;159.48;10;9702758722;B
20240227;101414;159.47;10;9702759038;B
20240227;101414;159.48;930;9702759039;B
20240227;101414;159.48;120;9702759040;B
20240227;101414;159.49;410;9702759041;B
20240227;101414;159.49;250;9702759042;B
20240227;101414;159.49;1490;9702759043;B
20240227;101414;159.5;1030;9702759044;B
20240227;101414;159.5;10;9702759045;B
20240227;101414;159.5;10;9702759057;S
20240227;101414;159.5;60;9702759075;S
20240227;101414;159.5;5180;9702759076;S
20240227;101414;159.49;20;9702759077;S
20240227;101414;159.46;10;9702759080;S
20240227;101417;159.47;80;9702759673;B
20240227;101418;159.47;10;9702759783;B
20240227;101419;159.47;630;9702759859;B
20240227;101419;159.47;30;9702760010;B
20240227;101423;159.47;10;9702760639;B
20240227;101423;159.47;30;9702760652;B
20240227;101424;159.46;890;9702760847;S
20240227;101424;159.46;40;9702760848;S
20240227;101424;159.46;100;9702760849;S
20240227;101424;159.45;1000;9702760850;S
20240227;101424;159.45;10;9702760851;S
20240227;101424;159.44;960;9702760852;S
20240227;101426;159.45;900;9702761124;B
20240227;101430;159.45;100;9702761765;B
20240227;101430;159.45;300;9702761766;B
20240227;101431;159.45;10;9702761831;B
20240227;101435;159.44;10;9702762405;B
20240227;101435;159.46;20;9702762416;B
20240227;101439;159.43;10;9702763073;S
20240227;101441;159.44;10;9702763436;S
20240227;101450;159.46;10;9702764838;B
20240227;101450;159.46;50;9702764901;B
20240227;101455;159.46;10;9702765528;B
20240227;101455;159.46;490;9702765529;B
20240227;101458;159.45;400;9702765953;S
20240227;101458;159.46;30;9702765973;B
20240227;101458;159.46;10;9702765979;B
20240227;101500;159.46;10;9702766267;B
20240227;101500;159.46;460;9702766273;B
20240227;101500;159.46;100;9702766274;B
20240227;101500;159.47;260;9702766275;B
20240227;101501;159.46;10;9702766371;B
20240227;101501;159.46;20;9702766526;B
20240227;101504;159.46;10;9702767022;B
20240227;101504;159.45;600;9702767076;S
20240227;101504;159.45;40;9702767077;S
20240227;101504;159.45;480;9702767078;S
20240227;101506;159.46;60;9702767477;B
20240227;101506;159.46;10;9702767579;B
20240227;101510;159.46;20;9702768652;B
20240227;101515;159.46;100;9702770069;B
20240227;101516;159.46;10;9702770249;B
20240227;101517;159.46;30;9702770539;B
20240227;101518;159.46;10;9702770647;B
20240227;101518;159.46;170;9702770808;B
20240227;101522;159.46;400;9702771563;B
20240227;101523;159.46;10;9702771688;B
20240227;101525;159.46;30;9702772024;B
20240227;101526;159.45;460;9702772404;S
20240227;101527;159.46;500;9702772477;B
20240227;101527;159.46;10;9702772571;B
20240227;101528;159.46;140;9702772750;B
20240227;101528;159.46;360;9702772751;B
20240227;101533;159.45;200;9702773767;S
20240227;101534;159.46;300;9702773946;B
20240227;101537;159.46;340;9702774513;B
20240227;101537;159.46;660;9702774514;B
20240227;101538;159.46;10;9702774564;B
20240227;101539;159.46;10;9702774771;B
20240227;101540;159.46;100;9702775031;B
20240227;101546;159.46;100;9702776198;B
20240227;101549;159.46;120;9702776762;B
20240227;101549;159.46;1880;9702776763;B
20240227;101549;159.45;40;9702776829;S
20240227;101552;159.46;10;9702777655;B
20240227;101553;159.46;30;9702777740;B
20240227;101558;159.46;30;9702778775;B
20240227;101559;159.46;20;9702778946;B
20240227;101601;159.46;10;9702779295;B
20240227;101601;159.45;320;9702779368;S
20240227;101601;159.45;280;9702779369;S
20240227;101601;159.45;10;9702779370;S
20240227;101601;159.45;40;9702779371;S
20240227;101601;159.45;2000;9702779372;S
20240227;101601;159.44;100;9702779373;S
20240227;101601;159.44;30;9702779374;S
20240227;101601;159.44;10;9702779375;S
20240227;101601;159.44;210;9702779376;S
20240227;101601;159.43;300;9702779377;S
20240227;101601;159.43;70;9702779378;S
20240227;101601;159.43;50;9702779379;S
20240227;101601;159.43;250;9702779380;S
20240227;101601;159.43;10;9702779381;S
20240227;101601;159.42;40;9702779382;S
20240227;101601;159.42;10;9702779383;S
20240227;101601;159.42;200;9702779384;S
20240227;101601;159.41;10;9702779385;S
20240227;101601;159.41;50;9702779386;S
20240227;101601;159.41;1120;9702779387;S
20240227;101601;159.4;1000;9702779388;S
20240227;101601;159.4;190;9702779389;S
20240227;101602;159.41;90;9702779458;B
20240227;101604;159.41;20;9702779842;B
20240227;101605;159.41;100;9702779999;B
20240227;101606;159.4;10;9702780156;S
20240227;101606;159.4;10;9702780157;S
20240227;101606;159.4;40;9702780158;S
20240227;101606;159.4;20;9702780159;S
20240227;101606;159.4;10;9702780160;S
20240227;101606;159.4;10;9702780161;S
20240227;101606;159.4;20;9702780162;S
20240227;101606;159.4;100;9702780163;S
20240227;101606;159.4;20;9702780164;S
20240227;101606;159.4;10;9702780165;S
20240227;101606;159.4;200;9702780166;S
20240227;101606;159.39;50;9702780167;S
20240227;101606;159.38;100;9702780168;S
20240227;101606;159.38;100;9702780169;S
20240227;101606;159.37;200;9702780170;S
20240227;101606;159.37;10;9702780171;S
20240227;101606;159.37;30;9702780172;S
20240227;101606;159.37;210;9702780173;S
20240227;101606;159.36;1000;9702780174;S
20240227;101606;159.36;50;9702780175;S
20240227;101606;159.36;50;9702780176;S
20240227;101606;159.36;3760;9702780177;S
20240227;101606;159.35;10;9702780178;S
20240227;101606;159.35;180;9702780179;S
20240227;101606;159.35;20;9702780180;S
20240227;101606;159.35;20;9702780181;S
20240227;101606;159.35;10;9702780182;S
20240227;101606;159.35;150;9702780183;S
20240227;101606;159.35;10;9702780184;S
20240227;101606;159.35;280;9702780185;S
20240227;101606;159.35;1000;9702780186;S
20240227;101606;159.35;240;9702780187;S
20240227;101606;159.35;7590;9702780188;S
20240227;101606;159.35;2190;9702780189;S
20240227;101606;159.34;80;9702780190;S
20240227;101606;159.34;100;9702780191;S
20240227;101606;159.34;1000;9702780192;S
20240227;101606;159.34;240;9702780193;S
20240227;101606;159.34;900;9702780194;S
20240227;101606;159.34;200;9702780195;S
20240227;101606;159.33;10;9702780196;S
20240227;101606;159.33;1000;9702780197;S
20240227;101606;159.33;1000;9702780198;S
20240227;101606;159.33;50;9702780199;S
20240227;101606;159.33;240;9702780200;S
20240227;101606;159.33;50;9702780201;S
20240227;101606;159.33;5000;9702780202;S
20240227;101606;159.32;500;9702780203;S
20240227;101606;159.32;1000;9702780204;S
20240227;101606;159.32;10;9702780205;S
20240227;101606;159.32;100;9702780206;S
20240227;101606;159.32;240;9702780207;S
20240227;101606;159.32;200;9702780208;S
20240227;101606;159.32;350;9702780209;S
20240227;101606;159.32;8000;9702780210;S
20240227;101606;159.31;10;9702780211;S
20240227;101606;159.31;800;9702780212;S
20240227;101606;159.31;2000;9702780213;S
20240227;101606;159.31;80;9702780214;S
20240227;101606;159.31;180;9702780215;S
20240227;101606;159.31;50;9702780216;S
20240227;101606;159.31;1000;9702780217;S
20240227;101606;159.31;240;9702780218;S
20240227;101606;159.3;10;9702780219;S
20240227;101606;159.3;500;9702780220;S
20240227;101606;159.3;30;9702780221;S
20240227;101606;159.3;1000;9702780222;S
20240227;101606;159.3;10;9702780223;S
20240227;101606;159.3;10;9702780224;S
20240227;101606;159.3;1000;9702780225;S
20240227;101606;159.3;10;9702780226;S
20240227;101606;159.3;400;9702780227;S
20240227;101606;159.3;240;9702780228;S
20240227;101606;159.29;10;9702780229;S
20240227;101606;159.29;10;9702780230;S
20240227;101606;159.29;1000;9702780231;S
20240227;101606;159.29;1000;9702780232;S
20240227;101606;159.29;20;9702780233;S
20240227;101606;159.29;10;9702780234;S
20240227;101606;159.29;240;9702780235;S
20240227;101606;159.28;50;9702780236;S
20240227;101606;159.28;100;9702780237;S
20240227;101606;159.28;1000;9702780238;S
20240227;101606;159.28;240;9702780239;S
20240227;101606;159.28;560;9702780240;S
20240227;101606;159.27;210;9702780241;S
20240227;101606;159.31;100;9702780288;B
20240227;101607;159.3;90;9702780433;S
20240227;101608;159.31;10;9702780598;B
20240227;101609;159.31;10;9702780773;B
20240227;101611;159.31;100;9702781044;B
20240227;101617;159.31;20;9702781940;B
20240227;101618;159.31;30;9702782305;B
20240227;101619;159.31;20;9702782484;B
20240227;101619;159.3;10;9702782511;S
20240227;101620;159.31;20;9702782601;B
20240227;101623;159.31;10;9702782906;B
20240227;101624;159.31;400;9702783075;B
20240227;101626;159.31;1000;9702783346;B
20240227;101627;159.31;100;9702783411;B
20240227;101631;159.3;200;9702783984;S
20240227;101633;159.31;10;9702784248;B
20240227;101633;159.31;100;9702784249;B
20240227;101633;159.31;10;9702784256;B
20240227;101633;159.31;3370;9702784334;B
20240227;101633;159.33;210;9702784335;B
20240227;101633;159.34;1880;9702784336;B
20240227;101633;159.35;1520;9702784337;B
20240227;101633;159.36;200;9702784338;B
20240227;101633;159.36;2820;9702784339;B
20240227;101634;159.35;150;9702784475;B
20240227;101636;159.3;10;9702784700;S
20240227;101638;159.32;100;9702784932;B
20240227;101639;159.3;510;9702784995;S
20240227;101641;159.31;50;9702785320;S
20240227;101644;159.32;20;9702785832;B
20240227;101646;159.32;400;9702785998;B
20240227;101647;159.32;190;9702786138;B
20240227;101652;159.32;10;9702786740;B
20240227;101653;159.31;100;9702786834;S
20240227;101653;159.31;100;9702786835;S
20240227;101657;159.32;20;9702787431;S
20240227;101657;159.34;100;9702787499;B
20240227;101659;159.34;50;9702787707;B
20240227;101703;159.34;10;9702788133;B
20240227;101704;159.34;10;9702788420;B
20240227;101707;159.34;10;9702788819;B
20240227;101709;159.34;100;9702789012;B
20240227;101712;159.33;10;9702789504;S
20240227;101715;159.34;100;9702789684;B
20240227;101715;159.33;70;9702789701;S
20240227;101716;159.34;10;9702789916;B
20240227;101717;159.34;10;9702790100;B
20240227;101719;159.33;20;9702790390;S
20240227;101719;159.32;380;9702790391;S
20240227;101719;159.32;10;9702790392;S
20240227;101719;159.32;70;9702790393;S
20240227;101719;159.32;10;9702790394;S
20240227;101719;159.32;200;9702790395;S
20240227;101719;159.31;800;9702790396;S
20240227;101719;159.31;630;9702790397;S
20240227;101719;159.31;880;9702790398;S
20240227;101720;159.32;1000;9702790498;B
20240227;101722;159.32;200;9702790808;B
20240227;101723;159.32;20;9702790891;B
20240227;101726;159.32;90;9702791186;B
20240227;101726;159.32;330;9702791194;B
20240227;101729;159.31;10;9702791578;S
20240227;101729;159.31;1300;9702791624;S
20240227;101729;159.31;30;9702791625;S
20240227;101729;159.31;20;9702791626;S
20240227;101729;159.31;40;9702791627;S
20240227;101729;159.3;50;9702791628;S
20240227;101729;159.3;10;9702791629;S
20240227;101729;159.3;50;9702791630;S
