<DATE>;<TIME>;<LAST>;<VOL>;<ID>;<OPER>
20240201;095951;166.750000000;10;9500981661;S
20240201;095951;166.750000000;10;9500981662;S
20240201;095951;166.750000000;10;9500981663;S
20240201;095951;166.750000000;10;9500981664;S
20240201;095951;166.750000000;10;9500981665;S
20240201;095951;166.750000000;60;9500981666;S
20240201;095951;166.750000000;10;9500981667;S
20240201;095951;166.750000000;20;9500981668;S
20240201;095951;166.750000000;20;9500981669;S
20240201;095951;166.750000000;10;9500981670;S
20240201;095951;166.750000000;10;9500981671;S
20240201;095951;166.750000000;250;9500981672;S
20240201;095951;166.750000000;20;9500981673;S
20240201;095951;166.750000000;100;9500981674;S
20240201;095951;166.750000000;230;9500981675;S
20240201;095951;166.750000000;30;9500981676;S
20240201;095951;166.750000000;30;9500981677;S
20240201;095951;166.750000000;150;9500981678;S
20240201;095951;166.750000000;10;9500981679;S
20240201;095951;166.750000000;100;9500981680;S
20240201;095951;166.750000000;400;9500981681;S
20240201;095951;166.750000000;10;9500981682;S
20240201;095951;166.750000000;10;9500981683;S
20240201;095951;166.750000000;20;9500981684;S
20240201;095951;166.750000000;40;9500981685;S
20240201;095951;166.750000000;10;9500981686;S
20240201;095951;166.750000000;30;9500981687;S
20240201;095951;166.750000000;260;9500981688;S
20240201;095951;166.750000000;10;9500981689;S
20240201;095951;166.750000000;130;9500981690;S
20240201;095951;166.750000000;40;9500981691;S
20240201;095951;166.750000000;10;9500981692;S
20240201;095951;166.750000000;120;9500981693;S
20240201;095951;166.750000000;40;9500981694;S
20240201;095951;166.750000000;20;9500981695;S
20240201;095951;166.750000000;200;9500981696;S
20240201;095951;166.750000000;50;9500981697;S
20240201;095951;166.750000000;10;9500981698;S
20240201;095951;166.750000000;1500;9500981699;S
20240201;095951;166.750000000;2130;9500981700;S
20240201;095951;166.750000000;30;9500981701;S
20240201;095951;166.750000000;60;9500981702;S
20240201;095951;166.750000000;350;9500981703;S
20240201;095951;166.750000000;10;9500981704;S
20240201;095951;166.750000000;240;9500981705;S
20240201;095951;166.750000000;10;9500981706;S
20240201;095951;166.750000000;10;9500981707;S
20240201;095951;166.750000000;20;9500981708;S
20240201;095951;166.750000000;50;9500981709;S
20240201;095951;166.750000000;500;9500981710;S
20240201;095951;166.750000000;100;9500981711;S
20240201;095951;166.750000000;10;9500981712;S
20240201;095951;166.750000000;10;9500981713;S
20240201;095951;166.750000000;50;9500981714;S
20240201;095951;166.750000000;30;9500981715;S
20240201;095951;166.750000000;40;9500981716;B
20240201;095951;166.750000000;80;9500981717;B
20240201;095951;166.750000000;10;9500981718;B
20240201;095951;166.750000000;70;9500981719;B
20240201;095951;166.750000000;10;9500981720;B
20240201;095951;166.750000000;70;9500981721;S
20240201;095951;166.750000000;10;9500981722;S
20240201;095951;166.750000000;90;9500981723;S
20240201;095951;166.750000000;110;9500981724;S
20240201;095951;166.750000000;2410;9500981725;B
20240201;095951;166.750000000;180;9500981726;S
20240201;095951;166.750000000;300;9500981727;B
20240201;095951;166.750000000;500;9500981728;B
20240201;095951;166.750000000;10;9500981729;B
20240201;095951;166.750000000;100;9500981730;S
20240201;095951;166.750000000;300;9500981731;S
20240201;095951;166.750000000;10;9500981732;B
20240201;095951;166.750000000;10;9500981733;B
20240201;095951;166.750000000;20;9500981734;B
20240201;095951;166.750000000;20;9500981735;B
20240201;095951;166.750000000;500;9500981736;B
20240201;095951;166.750000000;40;9500981737;B
20240201;095951;166.750000000;10;9500981738;B
20240201;095951;166.750000000;10;9500981739;B
20240201;095951;166.750000000;10;9500981740;B
20240201;095951;166.750000000;10;9500981741;B
20240201;095951;166.750000000;10;9500981742;B
20240201;095951;166.750000000;10;9500981743;B
20240201;095951;166.750000000;10;9500981744;B
20240201;095951;166.750000000;10;9500981745;B
20240201;095951;166.750000000;10;9500981746;B
20240201;095951;166.750000000;10;9500981747;B
20240201;095951;166.750000000;10;9500981748;B
20240201;095951;166.750000000;10;9500981749;B
20240201;095951;166.750000000;80;9500981750;B
20240201;095951;166.750000000;100;9500981751;B
20240201;095951;166.750000000;10;9500981752;B
20240201;095951;166.750000000;10;9500981753;B
20240201;095951;166.750000000;460;9500981754;B
20240201;095951;166.750000000;10;9500981755;B
20240201;095951;166.750000000;150;9500981756;B
20240201;095951;166.750000000;4550;9500981757;B
20240201;095951;166.750000000;300;9500981758;B
20240201;095951;166.750000000;150;9500981759;B
20240201;095951;166.750000000;2000;9500981760;B
20240201;095951;166.750000000;10;9500981761;B
20240201;095951;166.750000000;30;9500981762;B
20240201;095951;166.750000000;10;9500981763;B
20240201;095951;166.750000000;420;9500981764;S
20240201;095951;166.750000000;30;9500981765;S
20240201;095951;166.750000000;10;9500981766;S
20240201;095951;166.750000000;10;9500981767;B
20240201;095951;166.750000000;10;9500981768;B
20240201;095951;166.750000000;10;9500981769;S
20240201;095951;166.750000000;10;9500981770;B
20240201;095951;166.750000000;10;9500981771;B
20240201;095951;166.750000000;100;9500981772;B
20240201;095951;166.750000000;10;9500981773;B
20240201;095951;166.750000000;10;9500981774;B
20240201;095951;166.750000000;50;9500981775;B
20240201;095951;166.750000000;360;9500981776;S
20240201;095951;166.750000000;20;9500981777;S
20240201;095951;166.750000000;10;9500981778;B
20240201;095951;166.750000000;10;9500981779;B
20240201;095951;166.750000000;1000;9500981780;B
20240201;095951;166.750000000;200;9500981781;B
20240201;095951;166.750000000;2000;9500981782;B
20240201;095951;166.750000000;10;9500981783;B
20240201;095951;166.750000000;10;9500981784;B
20240201;095951;166.750000000;10;9500981785;B
20240201;095951;166.750000000;500;9500981786;B
20240201;095951;166.750000000;30;9500981787;B
20240201;095951;166.750000000;30;9500981788;B
20240201;095951;166.750000000;30;9500981789;B
20240201;095951;166.750000000;10;9500981790;S
20240201;095951;166.750000000;2900;9500981791;B
20240201;095951;166.750000000;1240;9500981792;B
20240201;095951;166.750000000;5860;9500981793;B
20240201;095951;166.750000000;10;9500981794;B
20240201;095951;166.750000000;30;9500981795;B
20240201;095951;166.750000000;30;9500981796;B
20240201;095951;166.750000000;100;9500981797;B
20240201;095951;166.750000000;100;9500981798;B
20240201;095951;166.750000000;10;9500981799;B
20240201;095951;166.750000000;20;9500981800;B
20240201;095951;166.750000000;60;9500981801;B
20240201;095951;166.750000000;10;9500981802;B
20240201;095951;166.750000000;10;9500981803;B
20240201;095951;166.750000000;10;9500981804;B
20240201;095951;166.750000000;200;9500981805;B
20240201;095951;166.750000000;30;9500981806;B
20240201;095951;166.750000000;30;9500981807;B
20240201;095951;166.750000000;30;9500981808;B
20240201;095951;166.750000000;30;9500981809;B
20240201;095951;166.750000000;30;9500981810;B
20240201;095951;166.750000000;30;9500981811;B
20240201;095951;166.750000000;30;9500981812;B
20240201;095951;166.750000000;30;9500981813;B
20240201;095951;166.750000000;100;9500981814;S
20240201;095951;166.750000000;10;9500981815;S
20240201;095951;166.750000000;30;9500981816;B
20240201;095951;166.750000000;230;9500981817;B
20240201;095951;166.750000000;10;9500981818;B
20240201;095951;166.750000000;10;9500981819;B
20240201;095951;166.750000000;1200;9500981820;B
20240201;095951;166.750000000;10;9500981821;B
20240201;095951;166.750000000;10;9500981822;B
20240201;095951;166.750000000;100;9500981823;B
20240201;095951;166.750000000;1620;9500981824;B
20240201;095951;166.750000000;10;9500981825;B
20240201;095951;166.750000000;30;9500981826;B
20240201;095951;166.750000000;3340;9500981827;B
20240201;095951;166.750000000;50;9500981828;B
20240201;095951;166.750000000;1210;9500981829;B
20240201;095951;166.750000000;100;9500981830;B
20240201;095951;166.750000000;100;9500981831;B
20240201;095951;166.750000000;10;9500981832;B
20240201;095951;166.750000000;600;9500981833;B
20240201;095951;166.750000000;1000;9500981834;B
20240201;095951;166.750000000;100;9500981835;B
20240201;095951;166.750000000;30;9500981836;B
20240201;095951;166.750000000;30;9500981837;B
20240201;095951;166.750000000;30;9500981838;B
20240201;095951;166.750000000;30;9500981839;B
20240201;095951;166.750000000;30;9500981840;B
20240201;095951;166.750000000;30;9500981841;B
20240201;095951;166.750000000;30;9500981842;B
20240201;095951;166.750000000;30;9500981843;B
20240201;095951;166.750000000;1000;9500981844;B
20240201;095951;166.750000000;80;9500981845;B
20240201;095951;166.750000000;50;9500981846;B
20240201;095951;166.750000000;10;9500981847;B
20240201;095951;166.750000000;30;9500981848;S
20240201;095951;166.750000000;30;9500981849;S
20240201;095951;166.750000000;30;9500981850;S
20240201;095951;166.750000000;30;9500981851;S
20240201;095951;166.750000000;30;9500981852;S
20240201;095951;166.750000000;30;9500981853;S
20240201;095951;166.750000000;30;9500981854;S
20240201;095951;166.750000000;30;9500981855;S
20240201;095951;166.750000000;30;9500981856;S
20240201;095951;166.750000000;10;9500981857;B
20240201;095951;166.750000000;30;9500981858;B
20240201;095951;166.750000000;1000;9500981859;B
20240201;095951;166.750000000;50;9500981860;B
20240201;095951;166.750000000;10;9500981861;B
20240201;095951;166.750000000;100;9500981862;B
20240201;095951;166.750000000;10;9500981863;B
20240201;095951;166.750000000;30;9500981864;B
20240201;095951;166.750000000;70;9500981865;S
20240201;095951;166.750000000;10;9500981866;B
20240201;095951;166.750000000;10;9500981867;B
20240201;095951;166.750000000;100;9500981868;S
20240201;095951;166.750000000;100;9500981869;B
20240201;095951;166.750000000;10;9500981870;B
20240201;095951;166.750000000;10;9500981871;B
20240201;095951;166.750000000;30;9500981872;B
20240201;095951;166.750000000;140;9500981873;B
20240201;095951;166.750000000;10;9500981874;B
20240201;095951;166.750000000;20;9500981875;B
20240201;095951;166.750000000;10;9500981876;B
20240201;095951;166.750000000;50;9500981877;B
20240201;095951;166.750000000;10;9500981878;B
20240201;095951;166.750000000;10;9500981879;B
20240201;095951;166.750000000;10;9500981880;B
20240201;095951;166.750000000;20;9500981881;B
20240201;095951;166.750000000;10;9500981882;B
20240201;095951;166.750000000;10;9500981883;B
20240201;095951;166.750000000;40;9500981884;B
20240201;095951;166.750000000;30;9500981885;B
20240201;095951;166.750000000;1000;9500981886;B
20240201;095951;166.750000000;30;9500981887;B
20240201;095951;166.750000000;30;9500981888;B
20240201;095951;166.750000000;30;9500981889;B
20240201;095951;166.750000000;30;9500981890;B
20240201;095951;166.750000000;30;9500981891;B
20240201;095951;166.750000000;30;9500981892;B
20240201;095951;166.750000000;30;9500981893;B
20240201;095951;166.750000000;30;9500981894;B
20240201;095951;166.750000000;30;9500981895;B
20240201;095951;166.750000000;30;9500981896;B
20240201;095951;166.750000000;1000;9500981897;B
20240201;095951;166.750000000;2610;9500981898;S
20240201;095951;166.750000000;100;9500981899;S
20240201;095951;166.750000000;90;9500981900;S
20240201;095951;166.750000000;10;9500981901;B
20240201;095951;166.750000000;1400;9500981902;B
20240201;095951;166.750000000;130;9500981903;B
20240201;095951;166.750000000;80;9500981904;B
20240201;095951;166.750000000;270;9500981905;B
20240201;095951;166.750000000;60;9500981906;B
20240201;095951;166.750000000;60;9500981907;B
20240201;095951;166.750000000;10;9500981908;B
20240201;095951;166.750000000;30;9500981909;B
20240201;095951;166.750000000;120;9500981910;S
20240201;095951;166.750000000;60;9500981911;S
20240201;095951;166.750000000;20;9500981912;S
20240201;095951;166.750000000;20;9500981913;B
20240201;095951;166.750000000;10;9500981914;B
20240201;095951;166.750000000;10;9500981915;B
20240201;095951;166.750000000;30;9500981916;B
20240201;095951;166.750000000;30;9500981917;B
20240201;095951;166.750000000;30;9500981918;B
20240201;095951;166.750000000;30;9500981919;B
20240201;095951;166.750000000;20;9500981920;B
20240201;095951;166.750000000;10;9500981921;B
20240201;095951;166.750000000;30;9500981922;B
20240201;095951;166.750000000;30;9500981923;B
20240201;095951;166.750000000;30;9500981924;B
20240201;095951;166.750000000;30;9500981925;B
20240201;095951;166.750000000;10;9500981926;B
20240201;095951;166.750000000;130;9500981927;B
20240201;095951;166.750000000;100;9500981928;B
20240201;095951;166.750000000;10;9500981929;B
20240201;095951;166.750000000;500;9500981930;B
20240201;095951;166.750000000;100;9500981931;B
20240201;095951;166.750000000;20;9500981932;B
20240201;095951;166.750000000;10;9500981933;B
20240201;095951;166.750000000;60;9500981934;B
20240201;095951;166.750000000;70;9500981935;B
20240201;095951;166.750000000;30;9500981936;B
20240201;095951;166.750000000;50;9500981937;B
20240201;095951;166.750000000;100;9500981938;B
20240201;095951;166.750000000;10;9500981939;B
20240201;095951;166.750000000;10;9500981940;B
20240201;095951;166.750000000;130;9500981941;B
20240201;095951;166.750000000;100;9500981942;B
20240201;095951;166.750000000;10;9500981943;B
20240201;095951;166.750000000;10;9500981944;B
20240201;095951;166.750000000;50;9500981945;B
20240201;095951;166.750000000;160;9500981946;B
20240201;095951;166.750000000;300;9500981947;B
20240201;095951;166.750000000;10;9500981948;B
20240201;095951;166.750000000;50;9500981949;B
20240201;095951;166.750000000;250;9500981950;B
20240201;095951;166.750000000;10;9500981951;B
20240201;095951;166.750000000;10;9500981952;B
20240201;095951;166.750000000;10;9500981953;B
20240201;095951;166.750000000;10;9500981954;B
20240201;095951;166.750000000;50;9500981955;B
20240201;095951;166.750000000;100;9500981956;B
20240201;095951;166.750000000;20;9500981957;B
20240201;095951;166.750000000;20;9500981958;B
20240201;095951;166.750000000;30;9500981959;B
20240201;095951;166.750000000;150;9500981960;B
20240201;095951;166.750000000;50;9500981961;B
20240201;095951;166.750000000;10;9500981962;B
20240201;095951;166.750000000;500;9500981963;B
20240201;095951;166.750000000;30;9500981964;B
20240201;095951;166.750000000;180;9500981965;B
20240201;095951;166.750000000;100;9500981966;B
20240201;095951;166.750000000;10;9500981967;B
20240201;095951;166.750000000;10;9500981968;S
20240201;095951;166.750000000;20;9500981969;B
20240201;095951;166.750000000;100;9500981970;S
20240201;095951;166.750000000;130;9500981971;S
20240201;095951;166.750000000;20;9500981972;S
20240201;095951;166.750000000;710;9500981973;B
20240201;095951;166.750000000;290;9500981974;B
20240201;095951;166.750000000;100;9500981975;S
20240201;095951;166.750000000;300;9500981976;S
20240201;095951;166.750000000;20;9500981977;S
20240201;095951;166.750000000;10;9500981978;B
20240201;095951;166.750000000;280;9500981979;B
20240201;095951;166.750000000;30;9500981980;B
20240201;095951;166.750000000;30;9500981981;B
20240201;095951;166.750000000;30;9500981982;B
20240201;095951;166.750000000;30;9500981983;B
20240201;095951;166.750000000;30;9500981984;B
20240201;095951;166.750000000;20;9500981985;B
20240201;095951;166.750000000;10;9500981986;B
20240201;095951;166.750000000;30;9500981987;B
20240201;095951;166.750000000;30;9500981988;B
20240201;095951;166.750000000;60;9500981989;B
20240201;095951;166.750000000;130;9500981990;B
20240201;095951;166.750000000;810;9500981991;B
20240201;095951;166.750000000;10;9500981992;S
20240201;095951;166.750000000;150;9500981993;S
20240201;095951;166.750000000;10;9500981994;B
20240201;095951;166.750000000;10;9500981995;B
20240201;095951;166.750000000;10;9500981996;B
20240201;095951;166.750000000;10;9500981997;B
20240201;095951;166.750000000;190;9500981998;B
20240201;095951;166.750000000;120;9500981999;S
20240201;095951;166.750000000;20;9500982000;S
20240201;095951;166.750000000;100;9500982001;S
20240201;095951;166.750000000;70;9500982002;S
20240201;095951;166.750000000;10;9500982003;B
20240201;095951;166.750000000;90;9500982004;B
20240201;095951;166.750000000;1120;9500982005;B
20240201;095951;166.750000000;10;9500982006;B
20240201;095951;166.750000000;1860;9500982007;B
20240201;095951;166.750000000;500;9500982008;B
20240201;095951;166.750000000;50;9500982009;B
20240201;095951;166.750000000;380;9500982010;S
20240201;095951;166.750000000;10;9500982011;S
20240201;095951;166.750000000;90;9500982012;S
20240201;095951;166.750000000;10;9500982013;S
20240201;095951;166.750000000;10;9500982014;S
20240201;095951;166.750000000;10;9500982015;S
20240201;095951;166.750000000;100;9500982016;B
20240201;095951;166.750000000;1500;9500982017;B
20240201;095951;166.750000000;200;9500982018;B
20240201;095951;166.750000000;2000;9500982019;B
20240201;100000;166.710000000;100;9500984831;B
20240201;100000;166.710000000;300;9500984832;B
20240201;100000;166.730000000;600;9500984833;B
20240201;100000;166.720000000;1000;9500984954;B
20240201;100000;166.700000000;10;9500985061;S
20240201;100000;166.700000000;30;9500985074;S
20240201;100000;166.710000000;50;9500985234;B
20240201;100000;166.700000000;100;9500985236;S
20240201;100000;166.710000000;60;9500985251;B
20240201;100000;166.700000000;10;9500985267;S
20240201;100000;166.710000000;290;9500985288;B
20240201;100000;166.710000000;60;9500985289;B
20240201;100000;166.710000000;30;9500985290;B
20240201;100000;166.710000000;30;9500985291;B
20240201;100000;166.710000000;100;9500985292;B
20240201;100000;166.710000000;100;9500985293;B
20240201;100000;166.710000000;440;9500985294;B
20240201;100000;166.700000000;160;9500985297;S
20240201;100000;166.700000000;20;9500985298;S
20240201;100000;166.700000000;320;9500985299;S
20240201;100000;166.700000000;10;9500985333;S
20240201;100000;166.700000000;10;9500985386;S
20240201;100001;166.710000000;200;9500985494;B
20240201;100001;166.700000000;100;9500985505;S
20240201;100001;166.710000000;360;9500985527;B
20240201;100001;166.710000000;140;9500985528;B
20240201;100001;166.700000000;260;9500985538;S
20240201;100001;166.700000000;200;9500985539;S
20240201;100001;166.700000000;10;9500985540;S
20240201;100001;166.700000000;10;9500985541;S
20240201;100001;166.700000000;20;9500985542;S
20240201;100001;166.700000000;130;9500985543;S
20240201;100001;166.660000000;30;9500985544;S
20240201;100001;166.660000000;5000;9500985545;S
20240201;100001;166.660000000;3500;9500985546;S
20240201;100001;166.650000000;1480;9500985547;S
20240201;100001;166.650000000;10;9500985548;S
20240201;100001;166.650000000;10;9500985549;S
20240201;100001;166.650000000;200;9500985550;S
20240201;100001;166.650000000;130;9500985551;S
20240201;100001;166.650000000;350;9500985552;S
20240201;100001;166.630000000;300;9500985553;S
20240201;100001;166.630000000;210;9500985554;S
20240201;100001;166.630000000;2090;9500985555;S
20240201;100001;166.620000000;60;9500985556;S
20240201;100001;166.660000000;1810;9500985610;B
20240201;100001;166.690000000;300;9500985611;B
20240201;100001;166.700000000;170;9500985612;B
20240201;100001;166.710000000;550;9500985613;B
20240201;100001;166.710000000;10;9500985614;B
20240201;100001;166.710000000;1000;9500985615;B
20240201;100001;166.710000000;10;9500985616;B
20240201;100001;166.710000000;160;9500985617;B
20240201;100001;166.710000000;10;9500985618;B
20240201;100001;166.710000000;100;9500985619;B
20240201;100001;166.720000000;10;9500985620;B
20240201;100001;166.730000000;870;9500985621;B
20240201;100001;166.690000000;70;9500985623;B
20240201;100001;166.640000000;10;9500985635;S
20240201;100001;166.680000000;1810;9500985663;B
20240201;100001;166.690000000;3190;9500985664;B
20240201;100001;166.680000000;1810;9500985718;B
20240201;100001;166.690000000;790;9500985719;B
20240201;100001;166.650000000;20;9500985734;S
20240201;100001;166.630000000;300;9500985744;S
20240201;100001;166.620000000;10;9500985745;S
20240201;100001;166.620000000;690;9500985746;S
20240201;100001;166.690000000;20;9500985761;B
20240201;100001;166.640000000;10;9500985764;S
20240201;100001;166.640000000;40;9500985781;S
20240201;100001;166.690000000;20;9500985788;B
20240201;100001;166.640000000;20;9500985807;S
20240201;100001;166.670000000;60;9500985861;B
20240201;100001;166.640000000;1060;9500985976;S
20240201;100001;166.610000000;150;9500985977;S
20240201;100001;166.650000000;500;9500986118;B
20240201;100001;166.660000000;1500;9500986119;B
20240201;100001;166.660000000;300;9500986129;B
20240201;100001;166.610000000;20;9500986149;S
20240201;100001;166.610000000;50;9500986159;S
20240201;100001;166.650000000;150;9500986240;B
20240201;100001;166.650000000;50;9500986241;B
20240201;100001;166.660000000;1150;9500986242;B
20240201;100001;166.610000000;20;9500986248;S
20240201;100001;166.610000000;50;9500986345;S
20240201;100002;166.610000000;20;9500986383;S
20240201;100002;166.610000000;10;9500986404;S
20240201;100002;166.610000000;2160;9500986622;S
20240201;100002;166.650000000;20;9500986623;B
20240201;100002;166.660000000;10;9500986624;B
20240201;100002;166.660000000;480;9500986625;B
20240201;100002;166.610000000;20;9500986633;S
20240201;100002;166.610000000;10;9500986676;S
20240201;100003;166.650000000;10;9500987008;B
20240201;100003;166.610000000;20;9500987009;S
20240201;100003;166.610000000;100;9500987021;S
20240201;100003;166.610000000;10;9500987103;S
20240201;100003;166.660000000;530;9500987580;B
20240201;100003;166.660000000;10;9500987664;B
20240201;100003;166.610000000;360;9500987665;S
20240201;100003;166.610000000;50;9500987666;S
20240201;100003;166.610000000;300;9500987667;S
20240201;100003;166.600000000;90;9500987668;S
20240201;100003;166.610000000;10;9500987669;S
20240201;100004;166.660000000;10;9500987673;B
20240201;100004;166.610000000;750;9500987949;S
20240201;100004;166.630000000;10;9500987975;B
20240201;100004;166.610000000;30;9500987980;S
20240201;100004;166.630000000;10;9500987983;B
20240201;100004;166.620000000;10;9500987986;B
20240201;100004;166.610000000;10;9500987987;S
20240201;100004;166.620000000;100;9500987988;B
20240201;100004;166.620000000;10;9500987990;B
20240201;100004;166.630000000;140;9500988033;B
20240201;100004;166.630000000;180;9500988034;B
20240201;100004;166.610000000;1840;9500988088;S
20240201;100004;166.630000000;30;9500988234;B
20240201;100004;166.630000000;30;9500988348;B
20240201;100004;166.610000000;100;9500988365;S
20240201;100004;166.610000000;6280;9500988384;S
20240201;100004;166.600000000;3720;9500988385;S
20240201;100005;166.630000000;10;9500988471;B
20240201;100005;166.610000000;3770;9500988479;S
20240201;100005;166.600000000;6190;9500988480;S
20240201;100005;166.600000000;40;9500988481;S
20240201;100005;166.600000000;30;9500988532;S
20240201;100005;166.600000000;10;9500988535;S
20240201;100005;166.600000000;20;9500988539;S
20240201;100005;166.610000000;30;9500988703;B
20240201;100005;166.610000000;10;9500988705;B
20240201;100005;166.610000000;10;9500988707;B
20240201;100005;166.610000000;10;9500988709;B
20240201;100005;166.630000000;70;9500988711;B
20240201;100005;166.600000000;30;9500988804;S
20240201;100005;166.600000000;10;9500988805;S
20240201;100005;166.630000000;520;9500988807;B
20240201;100005;166.640000000;1810;9500988808;B
20240201;100005;166.650000000;4670;9500988809;B
20240201;100005;166.650000000;20;9500988940;B
20240201;100005;166.610000000;50;9500989036;S
20240201;100005;166.610000000;10;9500989037;S
20240201;100005;166.610000000;10;9500989041;S
20240201;100005;166.640000000;20;9500989043;B
20240201;100005;166.640000000;10;9500989056;B
20240201;100005;166.620000000;10;9500989061;B
20240201;100005;166.610000000;10;9500989063;S
20240201;100005;166.620000000;370;9500989064;B
20240201;100005;166.620000000;600;9500989066;B
20240201;100005;166.620000000;30;9500989081;B
20240201;100005;166.620000000;10;9500989083;B
20240201;100005;166.610000000;60;9500989100;S
20240201;100005;166.610000000;80;9500989105;S
20240201;100005;166.620000000;70;9500989172;B
20240201;100005;166.610000000;20;9500989215;S
20240201;100005;166.610000000;250;9500989288;S
20240201;100005;166.620000000;40;9500989318;B
20240201;100005;166.620000000;10;9500989332;B
20240201;100005;166.610000000;10;9500989333;S
20240201;100005;166.620000000;1000;9500989334;B
20240201;100005;166.620000000;10;9500989335;B
20240201;100005;166.620000000;120;9500989338;B
20240201;100005;166.610000000;10;9500989427;S
20240201;100005;166.630000000;1810;9500989428;B
20240201;100005;166.650000000;190;9500989429;B
20240201;100005;166.610000000;20;9500989431;S
20240201;100005;166.610000000;20;9500989432;S
20240201;100005;166.630000000;10;9500989670;B
20240201;100005;166.630000000;10;9500989673;B
20240201;100005;166.630000000;10;9500989675;B
20240201;100005;166.630000000;10;9500989677;B
20240201;100005;166.640000000;20;9500989752;B
20240201;100005;166.610000000;210;9500989754;S
20240201;100005;166.640000000;5940;9500989821;B
20240201;100005;166.650000000;3410;9500989822;B
20240201;100005;166.650000000;10;9500989823;B
20240201;100005;166.670000000;640;9500989824;B
20240201;100005;166.630000000;2000;9500989828;S
20240201;100005;166.670000000;30;9500989853;B
20240201;100006;166.670000000;10;9500990030;B
20240201;100006;166.670000000;10;9500990086;B
20240201;100006;166.630000000;20;9500990087;S
20240201;100006;166.670000000;10;9500990088;B
20240201;100006;166.670000000;20;9500990089;B
20240201;100006;166.660000000;200;9500990184;B
20240201;100006;166.670000000;1280;9500990185;B
20240201;100006;166.630000000;10;9500990225;S
20240201;100006;166.630000000;10;9500990226;S
20240201;100006;166.670000000;360;9500990228;B
20240201;100006;166.660000000;300;9500990329;S
20240201;100006;166.660000000;300;9500990346;B
20240201;100006;166.640000000;100;9500990362;S
20240201;100006;166.670000000;10;9500990369;B
20240201;100006;166.670000000;70;9500990372;B
20240201;100006;166.660000000;30;9500990373;S
20240201;100006;166.670000000;1900;9500990375;B
20240201;100006;166.680000000;1850;9500990376;B
20240201;100006;166.680000000;590;9500990541;B
20240201;100006;166.630000000;100;9500990565;S
20240201;100006;166.650000000;10;9500990574;S
20240201;100006;166.650000000;10;9500990575;S
20240201;100006;166.680000000;760;9500990576;B
20240201;100006;166.680000000;40;9500990577;B
20240201;100006;166.680000000;710;9500990578;B
20240201;100006;166.690000000;6790;9500990579;B
20240201;100006;166.690000000;300;9500990580;B
20240201;100006;166.700000000;10;9500990581;B
20240201;100006;166.700000000;1390;9500990582;B
20240201;100006;166.690000000;300;9500990637;S
20240201;100006;166.700000000;810;9500990695;B
20240201;100006;166.660000000;100;9500990700;S
20240201;100006;166.650000000;100;9500990716;S
20240201;100006;166.660000000;20;9500990737;S
20240201;100006;166.640000000;100;9500990758;S
20240201;100007;166.650000000;100;9500990798;S
20240201;100007;166.700000000;10;9500990863;B
20240201;100007;166.660000000;20;9500990864;S
20240201;100007;166.700000000;100;9500990985;B
20240201;100007;166.640000000;10;9500990987;S
20240201;100007;166.640000000;10;9500990988;S
20240201;100007;166.690000000;10;9500991142;B
20240201;100007;166.660000000;10;9500991143;S
20240201;100007;166.660000000;10;9500991146;S
20240201;100007;166.700000000;500;9500991147;B
20240201;100007;166.670000000;20;9500991148;S
20240201;100007;166.680000000;30;9500991227;S
20240201;100007;166.650000000;100;9500991307;S
20240201;100007;166.650000000;200;9500991336;S
20240201;100007;166.650000000;200;9500991378;S
20240201;100007;166.690000000;10;9500991397;B
20240201;100008;166.650000000;700;9500991434;S
20240201;100008;166.690000000;60;9500991485;B
20240201;100008;166.690000000;10;9500991486;B
20240201;100008;166.650000000;10;9500991487;S
20240201;100008;166.650000000;20;9500991488;S
20240201;100008;166.650000000;10;9500991564;S
20240201;100008;166.650000000;40;9500991679;S
20240201;100009;166.680000000;10;9500991740;B
20240201;100009;166.690000000;990;9500991741;B
20240201;100009;166.650000000;180;9500991776;S
20240201;100009;166.690000000;300;9500991793;B
20240201;100009;166.700000000;700;9500991794;B
20240201;100010;166.700000000;10;9500991991;B
20240201;100010;166.700000000;20;9500992005;B
20240201;100010;166.700000000;110;9500992016;B
20240201;100010;166.690000000;170;9500992042;B
20240201;100010;166.700000000;50;9500992051;B
20240201;100010;166.700000000;1300;9500992068;B
20240201;100010;166.700000000;1660;9500992069;B
20240201;100010;166.690000000;300;9500992092;B
20240201;100010;166.690000000;300;9500992097;S
20240201;100010;166.690000000;300;9500992102;S
20240201;100010;166.690000000;300;9500992117;B
20240201;100010;166.690000000;300;9500992123;S
20240201;100010;166.690000000;510;9500992139;S
20240201;100010;166.670000000;50;9500992189;S
20240201;100010;166.700000000;70;9500992240;B
20240201;100010;166.700000000;80;9500992271;B
20240201;100010;166.690000000;10;9500992277;S
20240201;100010;166.700000000;30;9500992297;B
20240201;100011;166.700000000;10;9500992368;B
20240201;100011;166.690000000;1000;9500992401;S
20240201;100011;166.700000000;30;9500992425;B
20240201;100011;166.690000000;220;9500992506;S
20240201;100011;166.700000000;10;9500992537;B
20240201;100011;166.670000000;150;9500992539;S
20240201;100011;166.650000000;300;9500992540;S
20240201;100011;166.640000000;550;9500992541;S
20240201;100011;166.700000000;20;9500992621;B
20240201;100011;166.700000000;10;9500992659;B
20240201;100011;166.700000000;30;9500992660;B
20240201;100012;166.700000000;40;9500992745;B
20240201;100012;166.700000000;20;9500992751;B
20240201;100012;166.700000000;30;9500992803;B
20240201;100012;166.700000000;30;9500992805;B
20240201;100012;166.690000000;60;9500992819;S
20240201;100012;166.700000000;30;9500992862;B
20240201;100012;166.700000000;10;9500992871;B
20240201;100012;166.700000000;500;9500992882;B
20240201;100012;166.690000000;10;9500992932;S
20240201;100013;166.700000000;50;9500992975;B
20240201;100013;166.700000000;30;9500993023;B
20240201;100013;166.700000000;30;9500993024;B
20240201;100013;166.690000000;70;9500993031;S
20240201;100013;166.700000000;400;9500993046;B
20240201;100013;166.700000000;10;9500993071;B
20240201;100013;166.700000000;100;9500993087;B
20240201;100014;166.700000000;30;9500993131;B
20240201;100014;166.700000000;30;9500993144;B
20240201;100014;166.700000000;30;9500993148;B
20240201;100014;166.690000000;40;9500993204;S
20240201;100014;166.700000000;300;9500993228;B
20240201;100014;166.690000000;300;9500993242;S
20240201;100015;166.700000000;10;9500993306;B
20240201;100015;166.700000000;30;9500993385;B
20240201;100015;166.700000000;30;9500993386;B
20240201;100015;166.700000000;30;9500993389;B
20240201;100016;166.700000000;30;9500993630;B
20240201;100016;166.700000000;30;9500993638;B
20240201;100016;166.700000000;30;9500993642;B
20240201;100016;166.700000000;660;9500993647;B
20240201;100016;166.670000000;100;9500993665;S
20240201;100017;166.670000000;270;9500993793;S
20240201;100017;166.690000000;10;9500993808;B
20240201;100017;166.670000000;1000;9500993835;S
20240201;100017;166.670000000;480;9500993924;S
20240201;100017;166.690000000;30;9500993943;B
20240201;100017;166.660000000;360;9500993966;S
20240201;100018;166.670000000;30;9500993987;B
20240201;100018;166.680000000;30;9500994101;B
20240201;100018;166.680000000;30;9500994102;B
20240201;100019;166.690000000;10;9500994251;B
20240201;100019;166.690000000;30;9500994279;B
20240201;100019;166.690000000;30;9500994301;B
20240201;100019;166.690000000;30;9500994305;B
20240201;100020;166.660000000;1970;9500994440;S
20240201;100020;166.650000000;10;9500994441;S
20240201;100020;166.650000000;300;9500994442;S
20240201;100020;166.640000000;7440;9500994443;S
20240201;100020;166.630000000;600;9500994444;S
20240201;100020;166.610000000;1100;9500994445;S
20240201;100020;166.610000000;210;9500994446;S
20240201;100020;166.610000000;710;9500994447;S
20240201;100020;166.610000000;2680;9500994448;S
20240201;100020;166.610000000;3620;9500994449;S
20240201;100020;166.600000000;310;9500994450;S
20240201;100020;166.600000000;1030;9500994451;S
20240201;100020;166.600000000;20;9500994452;S
20240201;100020;166.670000000;10;9500994469;B
20240201;100020;166.610000000;50;9500994520;S
20240201;100020;166.610000000;50;9500994673;S
20240201;100020;166.610000000;10;9500994680;S
20240201;100020;166.650000000;30;9500994689;B
20240201;100020;166.650000000;30;9500994695;B
20240201;100021;166.620000000;300;9500994736;B
20240201;100021;166.620000000;500;9500994741;B
20240201;100021;166.600000000;30;9500994835;S
20240201;100021;166.600000000;70;9500994836;S
20240201;100021;166.630000000;30;9500994850;B
20240201;100022;166.600000000;100;9500994883;S
20240201;100022;166.640000000;10;9500994886;B
20240201;100022;166.620000000;30;9500994893;B
20240201;100022;166.630000000;10;9500994914;B
20240201;100022;166.610000000;360;9500994918;B
20240201;100022;166.630000000;100;9500994949;B
20240201;100022;166.630000000;1200;9500994954;B
20240201;100023;166.600000000;90;9500995043;S
20240201;100023;166.620000000;330;9500995122;B
20240201;100023;166.620000000;10;9500995187;B
20240201;100023;166.600000000;200;9500995209;S
20240201;100023;166.600000000;200;9500995210;S
20240201;100023;166.600000000;1600;9500995211;S
20240201;100023;166.610000000;30;9500995214;B
20240201;100023;166.600000000;50;9500995220;S
20240201;100024;166.600000000;110;9500995222;S
20240201;100024;166.610000000;30;9500995239;B
20240201;100024;166.600000000;8240;9500995322;S
20240201;100024;166.600000000;1000;9500995323;S
20240201;100024;166.600000000;760;9500995324;S
20240201;100024;166.610000000;10;9500995414;B
20240201;100024;166.610000000;30;9500995433;B
20240201;100025;166.610000000;100;9500995599;B
20240201;100025;166.640000000;140;9500995600;B
20240201;100026;166.600000000;400;9500995676;S
20240201;100026;166.610000000;300;9500995760;S
20240201;100026;166.650000000;10;9500995804;B
20240201;100026;166.660000000;10;9500995934;B
20240201;100026;166.660000000;110;9500995935;B
20240201;100027;166.600000000;3000;9500996033;S
20240201;100027;166.640000000;670;9500996051;B
20240201;100027;166.640000000;10;9500996074;B
20240201;100027;166.640000000;20;9500996116;B
20240201;100028;166.610000000;30;9500996405;B
20240201;100028;166.610000000;140;9500996414;B
20240201;100029;166.610000000;60;9500996537;B
20240201;100029;166.600000000;840;9500996550;S
20240201;100029;166.600000000;40;9500996551;S
20240201;100029;166.600000000;250;9500996552;S
20240201;100029;166.600000000;500;9500996553;S
20240201;100029;166.600000000;10;9500996554;S
20240201;100029;166.600000000;300;9500996555;S
20240201;100030;166.590000000;400;9500996623;B
20240201;100030;166.590000000;10;9500996625;B
20240201;100030;166.570000000;4000;9500996781;S
20240201;100031;166.580000000;500;9500996878;B
20240201;100031;166.570000000;4000;9500996890;S
20240201;100031;166.580000000;10;9500996954;B
20240201;100031;166.570000000;350;9500996962;S
20240201;100031;166.570000000;10;9500996968;S
20240201;100031;166.580000000;1000;9500996974;B
20240201;100031;166.570000000;1640;9500997021;S
20240201;100031;166.560000000;360;9500997022;S
20240201;100031;166.560000000;20;9500997024;S
20240201;100032;166.570000000;30;9500997030;B
20240201;100032;166.570000000;1780;9500997066;B
20240201;100032;166.580000000;1140;9500997067;B
20240201;100032;166.580000000;10;9500997079;B
20240201;100032;166.560000000;10;9500997088;S
20240201;100032;166.580000000;100;9500997097;B
20240201;100032;166.560000000;10;9500997158;S
20240201;100033;166.560000000;20;9500997204;S
20240201;100033;166.580000000;10;9500997346;B
20240201;100033;166.560000000;1580;9500997353;S
20240201;100033;166.560000000;2000;9500997354;S
20240201;100033;166.560000000;300;9500997355;S
20240201;100033;166.550000000;1000;9500997356;S
20240201;100033;166.550000000;210;9500997357;S
20240201;100033;166.550000000;2000;9500997358;S
20240201;100033;166.550000000;1000;9500997359;S
20240201;100033;166.550000000;300;9500997360;S
20240201;100033;166.540000000;210;9500997361;S
20240201;100033;166.530000000;210;9500997362;S
20240201;100033;166.520000000;210;9500997363;S
20240201;100033;166.520000000;110;9500997364;S
20240201;100033;166.510000000;90;9500997365;S
20240201;100033;166.510000000;500;9500997366;S
20240201;100033;166.510000000;300;9500997367;S
20240201;100033;166.510000000;210;9500997368;S
20240201;100033;166.510000000;1220;9500997369;S
20240201;100033;166.540000000;100;9500997380;B
20240201;100034;166.510000000;210;9500997382;S
20240201;100034;166.510000000;300;9500997383;S
20240201;100034;166.500000000;80;9500997384;S
20240201;100034;166.540000000;1250;9500997398;B
20240201;100034;166.540000000;10;9500997399;B
20240201;100034;166.510000000;210;9500997432;S
20240201;100034;166.510000000;350;9500997433;S
20240201;100034;166.510000000;300;9500997434;S
20240201;100034;166.500000000;1120;9500997435;S
20240201;100034;166.500000000;120;9500997436;S
20240201;100034;166.500000000;190;9500997437;S
20240201;100034;166.500000000;40;9500997438;S
20240201;100034;166.500000000;290;9500997439;S
20240201;100034;166.500000000;160;9500997440;S
20240201;100034;166.510000000;210;9500997548;S
20240201;100034;166.500000000;340;9500997549;S
20240201;100034;166.500000000;50;9500997550;S
20240201;100034;166.540000000;10;9500997565;B
20240201;100035;166.550000000;1840;9500997585;B
20240201;100035;166.550000000;10;9500997597;B
20240201;100035;166.510000000;20;9500997623;S
20240201;100035;166.510000000;10;9500997656;S
20240201;100035;166.560000000;300;9500997658;B
20240201;100035;166.560000000;700;9500997659;B
20240201;100035;166.510000000;180;9500997681;S
20240201;100035;166.510000000;120;9500997682;S
20240201;100035;166.510000000;210;9500997706;S
20240201;100035;166.510000000;550;9500997707;S
20240201;100035;166.520000000;300;9500997718;B
20240201;100036;166.560000000;10;9500997776;B
20240201;100036;166.510000000;210;9500997817;S
20240201;100036;166.510000000;770;9500997818;S
20240201;100036;166.500000000;150;9500997819;S
20240201;100036;166.500000000;150;9500997820;S
20240201;100036;166.500000000;50;9500997821;S
20240201;100036;166.500000000;3670;9500997822;S
20240201;100036;166.500000000;10;9500997827;S
20240201;100036;166.530000000;440;9500997862;B
20240201;100037;166.500000000;1320;9500997914;S
20240201;100037;166.500000000;1780;9500997915;S
20240201;100037;166.510000000;90;9500997917;B
20240201;100037;166.540000000;60;9500997932;B
20240201;100037;166.540000000;1000;9500997936;B
20240201;100037;166.510000000;310;9500997939;B
20240201;100037;166.550000000;10;9500997992;B
20240201;100037;166.530000000;100;9500998061;B
20240201;100037;166.500000000;200;9500998105;S
20240201;100037;166.540000000;20;9500998108;B
20240201;100038;166.510000000;190;9500998131;B
20240201;100038;166.500000000;200;9500998163;S
20240201;100038;166.500000000;200;9500998189;S
20240201;100038;166.530000000;10;9500998235;B
20240201;100038;166.500000000;200;9500998272;S
20240201;100039;166.500000000;420;9500998280;S
20240201;100039;166.500000000;120;9500998281;S
20240201;100039;166.520000000;100;9500998362;S
20240201;100039;166.510000000;50;9500998363;S
20240201;100039;166.550000000;60;9500998390;B
20240201;100039;166.550000000;90;9500998413;B
20240201;100039;166.510000000;10;9500998416;S
20240201;100040;166.520000000;10;9500998541;S
20240201;100040;166.510000000;40;9500998552;S
20240201;100040;166.510000000;110;9500998553;S
20240201;100040;166.510000000;50;9500998562;S
20240201;100040;166.540000000;300;9500998589;B
20240201;100040;166.510000000;100;9500998592;S
20240201;100041;166.540000000;10;9500998639;B
20240201;100041;166.540000000;5500;9500998678;B
20240201;100041;166.550000000;300;9500998679;B
20240201;100041;166.560000000;200;9500998680;B
20240201;100041;166.560000000;9000;9500998681;B
20240201;100041;166.530000000;40;9500998693;S
20240201;100041;166.540000000;10;9500998704;B
20240201;100041;166.560000000;100;9500998707;B
20240201;100041;166.580000000;200;9500998708;B
20240201;100041;166.580000000;200;9500998723;B
20240201;100042;166.580000000;100;9500998819;B
20240201;100042;166.570000000;470;9500998827;S
20240201;100042;166.580000000;90;9500998828;B
20240201;100042;166.580000000;100;9500998837;B
20240201;100042;166.580000000;100;9500998866;B
20240201;100042;166.580000000;100;9500998889;B
20240201;100042;166.570000000;1000;9500998893;S
20240201;100042;166.580000000;340;9500998920;B
20240201;100042;166.580000000;10;9500998921;B
20240201;100042;166.590000000;10;9500998922;B
20240201;100042;166.600000000;640;9500998923;B
20240201;100042;166.600000000;10;9500998925;B
20240201;100043;166.600000000;200;9500998951;B
20240201;100043;166.590000000;10;9500999082;S
20240201;100044;166.600000000;100;9500999151;B
20240201;100044;166.590000000;90;9500999213;S
20240201;100044;166.590000000;100;9500999214;S
20240201;100044;166.550000000;680;9500999215;S
20240201;100044;166.550000000;200;9500999281;S
20240201;100044;166.600000000;500;9500999374;B
20240201;100044;166.600000000;50;9500999377;B
20240201;100045;166.600000000;50;9500999671;B
20240201;100046;166.600000000;10;9500999758;B
20240201;100046;166.600000000;200;9500999762;B
20240201;100046;166.600000000;500;9500999763;B
20240201;100046;166.600000000;300;9500999764;B
20240201;100046;166.560000000;100;9500999819;S
20240201;100046;166.550000000;460;9500999820;S
20240201;100046;166.600000000;100;9500999839;B
20240201;100046;166.600000000;100;9500999864;B
20240201;100046;166.600000000;10;9500999865;B
20240201;100046;166.600000000;1560;9500999866;B
20240201;100046;166.600000000;50;9500999867;B
20240201;100046;166.600000000;10;9500999902;S
20240201;100047;166.600000000;100;9500999940;S
20240201;100047;166.600000000;1810;9500999941;S
20240201;100047;166.600000000;6710;9500999970;B
20240201;100047;166.560000000;740;9500999971;S
20240201;100047;166.600000000;50;9501000025;B
20240201;100047;166.570000000;100;9501000032;S
20240201;100047;166.560000000;1070;9501000033;S
20240201;100047;166.550000000;20;9501000034;S
20240201;100047;166.550000000;1000;9501000035;S
20240201;100047;166.540000000;1000;9501000036;S
20240201;100047;166.540000000;210;9501000037;S
20240201;100047;166.540000000;50;9501000038;S
20240201;100047;166.530000000;1000;9501000039;S
20240201;100047;166.530000000;210;9501000040;S
20240201;100047;166.530000000;340;9501000041;S
20240201;100047;166.590000000;6050;9501000095;B
20240201;100047;166.590000000;300;9501000096;B
20240201;100047;166.600000000;2100;9501000097;B
20240201;100047;166.610000000;560;9501000098;B
20240201;100048;166.600000000;240;9501000123;S
20240201;100048;166.600000000;10;9501000127;S
20240201;100048;166.610000000;450;9501000185;B
20240201;100048;166.610000000;100;9501000235;B
20240201;100049;166.600000000;1000;9501000340;S
20240201;100049;166.600000000;6050;9501000343;S
20240201;100049;166.600000000;1000;9501000344;S
20240201;100049;166.600000000;800;9501000345;S
20240201;100049;166.600000000;1810;9501000346;S
20240201;100049;166.570000000;1810;9501000402;S
20240201;100049;166.570000000;1000;9501000403;S
20240201;100049;166.570000000;300;9501000404;S
20240201;100049;166.570000000;300;9501000405;S
20240201;100049;166.560000000;2000;9501000406;S
20240201;100049;166.550000000;2000;9501000407;S
20240201;100049;166.550000000;210;9501000408;S
20240201;100049;166.550000000;2100;9501000409;S
20240201;100049;166.540000000;210;9501000410;S
20240201;100049;166.530000000;70;9501000411;S
20240201;100049;166.530000000;120;9501000421;S
20240201;100050;166.560000000;300;9501000457;B
20240201;100050;166.570000000;7400;9501000458;B
20240201;100050;166.590000000;6990;9501000459;B
20240201;100050;166.600000000;2100;9501000460;B
20240201;100050;166.610000000;50;9501000487;B
20240201;100050;166.600000000;490;9501000491;S
20240201;100050;166.610000000;30;9501000506;B
20240201;100050;166.610000000;680;9501000508;B
20240201;100051;166.610000000;60;9501000637;S
20240201;100051;166.610000000;240;9501000700;S
20240201;100051;166.610000000;60;9501000701;S
20240201;100051;166.620000000;70;9501000771;B
20240201;100051;166.620000000;630;9501000772;B
20240201;100052;166.610000000;2040;9501000809;S
20240201;100052;166.610000000;6280;9501000810;S
20240201;100052;166.610000000;1680;9501000811;S
20240201;100052;166.610000000;300;9501000822;S
20240201;100052;166.610000000;500;9501000823;S
20240201;100052;166.610000000;6290;9501000824;S
20240201;100052;166.610000000;1810;9501000825;S
20240201;100052;166.600000000;6100;9501000826;S
20240201;100052;166.610000000;150;9501000862;S
20240201;100052;166.620000000;50;9501001056;B
20240201;100052;166.620000000;200;9501001063;B
20240201;100052;166.620000000;10;9501001090;B
20240201;100052;166.610000000;610;9501001117;S
20240201;100052;166.620000000;10;9501001118;B
20240201;100053;166.620000000;550;9501001241;B
20240201;100053;166.610000000;10;9501001249;S
20240201;100053;166.620000000;70;9501001321;B
20240201;100054;166.620000000;10;9501001558;B
20240201;100054;166.620000000;470;9501001673;B
20240201;100054;166.650000000;10;9501001674;B
20240201;100054;166.660000000;20;9501001675;B
20240201;100054;166.660000000;100;9501001694;B
20240201;100054;166.650000000;160;9501001765;S
20240201;100055;166.660000000;20;9501001857;B
20240201;100055;166.660000000;210;9501001858;B
20240201;100055;166.660000000;100;9501001928;B
20240201;100055;166.650000000;240;9501001933;S
20240201;100055;166.650000000;100;9501001934;S
20240201;100055;166.650000000;100;9501001935;S
20240201;100055;166.650000000;400;9501001936;S
20240201;100055;166.650000000;370;9501001937;S
20240201;100055;166.640000000;130;9501001938;S
20240201;100055;166.650000000;500;9501001941;S
20240201;100055;166.660000000;100;9501002062;B
20240201;100057;166.660000000;50;9501002492;B
20240201;100057;166.660000000;360;9501002493;B
20240201;100057;166.660000000;20;9501002494;B
20240201;100057;166.670000000;300;9501002495;B
20240201;100057;166.680000000;200;9501002496;B
20240201;100057;166.690000000;70;9501002497;B
20240201;100057;166.680000000;300;9501002498;B
20240201;100057;166.690000000;700;9501002499;B
20240201;100057;166.690000000;10;9501002644;B
20240201;100058;166.660000000;20;9501002717;S
20240201;100058;166.650000000;10;9501002718;S
20240201;100058;166.650000000;100;9501002719;S
20240201;100058;166.650000000;1810;9501002720;S
20240201;100058;166.650000000;20;9501002739;B
20240201;100058;166.650000000;50;9501002777;B
20240201;100058;166.640000000;20;9501002780;S
20240201;100058;166.650000000;10;9501002788;B
20240201;100058;166.650000000;10;9501002827;B
20240201;100059;166.640000000;300;9501002829;S
20240201;100059;166.640000000;200;9501002832;S
20240201;100059;166.650000000;200;9501002841;B
20240201;100059;166.640000000;200;9501002878;S
20240201;100059;166.650000000;200;9501002894;B
20240201;100059;166.650000000;30;9501002942;B
20240201;100059;166.650000000;50;9501002981;B
20240201;100100;166.640000000;600;9501003041;S
20240201;100100;166.640000000;40;9501003046;S
20240201;100100;166.640000000;10;9501003099;S
20240201;100100;166.640000000;200;9501003159;S
20240201;100100;166.640000000;20;9501003241;S
20240201;100100;166.640000000;310;9501003261;S
20240201;100100;166.640000000;10;9501003268;S
20240201;100101;166.640000000;600;9501003424;S
20240201;100101;166.640000000;100;9501003425;S
20240201;100101;166.640000000;10;9501003426;S
20240201;100101;166.620000000;30;9501003427;S
20240201;100101;166.620000000;470;9501003439;S
20240201;100101;166.610000000;270;9501003440;S
20240201;100101;166.630000000;10;9501003454;B
20240201;100102;166.630000000;2400;9501003562;B
20240201;100102;166.640000000;300;9501003563;B
20240201;100102;166.640000000;1300;9501003564;B
20240201;100102;166.650000000;290;9501003568;B
20240201;100102;166.650000000;1000;9501003569;B
20240201;100102;166.660000000;300;9501003570;B
20240201;100102;166.680000000;410;9501003571;B
20240201;100102;166.660000000;1120;9501003623;B
20240201;100103;166.620000000;300;9501003689;S
20240201;100103;166.610000000;4700;9501003690;S
20240201;100103;166.610000000;20;9501003736;S
20240201;100103;166.620000000;20;9501003760;S
20240201;100104;166.640000000;80;9501003835;S
20240201;100104;166.640000000;100;9501003965;S
20240201;100104;166.640000000;10;9501003976;S
20240201;100105;166.680000000;150;9501004102;B
20240201;100106;166.640000000;190;9501004177;S
20240201;100106;166.640000000;30;9501004198;B
20240201;100106;166.630000000;1810;9501004242;B
20240201;100106;166.640000000;6780;9501004243;B
20240201;100106;166.660000000;1000;9501004244;B
20240201;100106;166.680000000;600;9501004272;B
20240201;100106;166.690000000;20;9501004277;B
20240201;100107;166.670000000;140;9501004326;S
20240201;100108;166.690000000;50;9501004590;B
20240201;100109;166.680000000;10;9501004869;S
20240201;100109;166.670000000;70;9501004870;S
20240201;100111;166.680000000;200;9501005166;B
20240201;100111;166.690000000;10;9501005167;B
20240201;100111;166.690000000;590;9501005168;B
20240201;100111;166.660000000;2910;9501005169;S
20240201;100112;166.650000000;50;9501005291;S
20240201;100112;166.650000000;60;9501005292;S
20240201;100112;166.660000000;10;9501005322;B
20240201;100113;166.660000000;300;9501005384;B
20240201;100113;166.650000000;10;9501005439;S
20240201;100115;166.660000000;10;9501005818;B
20240201;100115;166.650000000;60;9501005837;S
20240201;100115;166.650000000;140;9501005838;S
20240201;100116;166.660000000;60;9501005882;B
20240201;100116;166.650000000;860;9501005973;S
20240201;100116;166.650000000;910;9501005974;S
20240201;100116;166.650000000;60;9501005975;S
20240201;100118;166.640000000;30;9501006253;S
20240201;100118;166.640000000;190;9501006254;S
20240201;100118;166.650000000;4000;9501006293;B
20240201;100118;166.650000000;1170;9501006314;B
20240201;100119;166.660000000;10;9501006417;B
20240201;100119;166.660000000;820;9501006449;B
20240201;100119;166.660000000;20;9501006482;B
20240201;100120;166.660000000;200;9501006553;B
20240201;100121;166.660000000;160;9501006892;B
20240201;100121;166.660000000;10;9501006893;B
20240201;100121;166.660000000;10;9501006894;B
20240201;100121;166.660000000;410;9501006895;B
20240201;100123;166.650000000;10;9501007227;S
20240201;100123;166.650000000;10;9501007228;S
20240201;100123;166.650000000;80;9501007229;S
20240201;100123;166.660000000;100;9501007260;B
20240201;100124;166.660000000;100;9501007416;B
20240201;100124;166.650000000;120;9501007425;S
20240201;100124;166.650000000;980;9501007426;S
20240201;100125;166.660000000;1000;9501007546;B
20240201;100127;166.660000000;640;9501008228;B
20240201;100127;166.660000000;10;9501008229;B
20240201;100127;166.660000000;1000;9501008230;B
20240201;100127;166.660000000;300;9501008231;B
20240201;100127;166.660000000;200;9501008240;S
20240201;100127;166.660000000;10;9501008423;S
20240201;100128;166.670000000;10;9501008469;B
20240201;100128;166.670000000;490;9501008470;B
20240201;100128;166.670000000;90;9501008607;B
20240201;100128;166.660000000;500;9501008608;S
20240201;100128;166.660000000;10000;9501008675;S
20240201;100129;166.680000000;2400;9501009107;B
20240201;100129;166.680000000;200;9501009108;B
20240201;100129;166.690000000;420;9501009109;B
20240201;100129;166.690000000;30;9501009110;B
20240201;100129;166.690000000;60;9501009111;B
20240201;100129;166.690000000;390;9501009112;B
20240201;100130;166.660000000;1700;9501009121;S
20240201;100130;166.690000000;10;9501009228;B
20240201;100131;166.700000000;10;9501009387;B
20240201;100131;166.700000000;10;9501009486;B
20240201;100131;166.670000000;30;9501009570;S
20240201;100131;166.660000000;5640;9501009571;S
20240201;100131;166.660000000;10;9501009572;S
20240201;100131;166.660000000;500;9501009573;S
20240201;100131;166.660000000;3000;9501009574;S
20240201;100131;166.660000000;30;9501009589;B
20240201;100132;166.660000000;10;9501009635;B
20240201;100132;166.650000000;20;9501009654;S
20240201;100132;166.650000000;10;9501009655;S
20240201;100132;166.650000000;90;9501009744;S
20240201;100133;166.650000000;80;9501009806;S
20240201;100133;166.650000000;60;9501009807;S
20240201;100133;166.650000000;600;9501009808;S
20240201;100133;166.650000000;10;9501009809;S
20240201;100133;166.650000000;300;9501009810;S
20240201;100133;166.650000000;100;9501009811;S
20240201;100133;166.650000000;550;9501009859;B
20240201;100134;166.650000000;300;9501010126;B
20240201;100135;166.660000000;500;9501010198;B
20240201;100135;166.660000000;280;9501010268;B
20240201;100135;166.660000000;250;9501010269;B
20240201;100135;166.660000000;100;9501010270;B
20240201;100135;166.690000000;3620;9501010271;B
20240201;100135;166.690000000;500;9501010272;B
20240201;100135;166.700000000;100;9501010273;B
20240201;100135;166.700000000;10;9501010274;B
20240201;100135;166.700000000;100;9501010275;B
20240201;100135;166.700000000;500;9501010276;B
20240201;100135;166.700000000;1000;9501010277;B
20240201;100135;166.700000000;2000;9501010278;B
20240201;100135;166.700000000;2500;9501010279;B
20240201;100135;166.700000000;10;9501010280;B
20240201;100135;166.700000000;1000;9501010281;B
20240201;100135;166.700000000;100;9501010282;B
20240201;100135;166.700000000;250;9501010283;B
20240201;100135;166.700000000;200;9501010284;B
20240201;100135;166.700000000;1220;9501010285;B
20240201;100135;166.700000000;10;9501010286;B
20240201;100135;166.710000000;10;9501010287;B
20240201;100135;166.710000000;1200;9501010288;B
20240201;100135;166.710000000;300;9501010289;B
20240201;100135;166.710000000;300;9501010290;B
20240201;100135;166.710000000;10;9501010291;B
20240201;100135;166.710000000;1810;9501010292;B
20240201;100135;166.710000000;300;9501010293;B
20240201;100135;166.720000000;4790;9501010294;B
20240201;100135;166.720000000;10;9501010295;B
20240201;100135;166.720000000;50;9501010296;B
20240201;100135;166.730000000;500;9501010297;B
20240201;100135;166.730000000;500;9501010298;B
20240201;100135;166.730000000;3000;9501010299;B
20240201;100135;166.730000000;8000;9501010300;B
20240201;100135;166.730000000;2000;9501010301;B
20240201;100135;166.730000000;1000;9501010302;B
20240201;100135;166.740000000;100;9501010303;B
20240201;100135;166.740000000;1000;9501010304;B
20240201;100135;166.740000000;50;9501010305;B
20240201;100135;166.740000000;300;9501010306;B
20240201;100135;166.740000000;3500;9501010307;B
20240201;100135;166.750000000;17520;9501010308;B
20240201;100136;166.740000000;80;9501010416;B
20240201;100136;166.740000000;2850;9501010526;B
20240201;100136;166.740000000;300;9501010548;B
20240201;100136;166.750000000;200;9501010549;B
20240201;100137;166.710000000;120;9501010572;S
20240201;100137;166.710000000;10;9501010588;S
20240201;100137;166.730000000;100;9501010639;B
20240201;100137;166.750000000;9900;9501010640;B
20240201;100137;166.750000000;6000;9501010683;B
20240201;100138;166.710000000;70;9501010769;S
20240201;100138;166.700000000;150;9501010770;S
20240201;100138;166.700000000;300;9501010771;S
20240201;100138;166.660000000;1480;9501010772;S
20240201;100138;166.740000000;10;9501010787;B
20240201;100138;166.730000000;20;9501010805;S
20240201;100139;166.740000000;300;9501010864;B
20240201;100139;166.750000000;700;9501010865;B
20240201;100139;166.730000000;10;9501010882;S
20240201;100139;166.730000000;20;9501010883;S
20240201;100139;166.690000000;170;9501010884;S
20240201;100139;166.700000000;10;9501010942;S
20240201;100139;166.740000000;10;9501010944;B
20240201;100141;166.700000000;10;9501011096;B
20240201;100141;166.710000000;10;9501011168;S
20240201;100142;166.670000000;100;9501011232;S
20240201;100142;166.710000000;1000;9501011284;B
20240201;100142;166.690000000;20;9501011287;S
20240201;100144;166.710000000;240;9501011561;B
20240201;100144;166.700000000;20;9501011573;S
20240201;100144;166.670000000;300;9501011574;S
20240201;100144;166.670000000;130;9501011575;S
20240201;100144;166.670000000;170;9501011589;S
20240201;100144;166.660000000;40;9501011590;S
20240201;100144;166.660000000;2150;9501011591;S
20240201;100144;166.660000000;390;9501011592;S
20240201;100144;166.710000000;10;9501011597;B
20240201;100144;166.710000000;40;9501011598;B
20240201;100145;166.710000000;240;9501011689;B
20240201;100147;166.700000000;10;9501012029;B
20240201;100148;166.710000000;10;9501012160;B
20240201;100148;166.700000000;200;9501012162;S
20240201;100150;166.710000000;90;9501012295;B
20240201;100150;166.710000000;10;9501012394;B
20240201;100150;166.710000000;10;9501012401;B
20240201;100151;166.710000000;20;9501012431;B
20240201;100151;166.700000000;100;9501012494;S
20240201;100152;166.710000000;320;9501012699;B
20240201;100152;166.710000000;10;9501012700;B
20240201;100152;166.710000000;10;9501012701;B
20240201;100152;166.720000000;10;9501012702;B
20240201;100152;166.720000000;100;9501012703;B
20240201;100152;166.740000000;10;9501012704;B
20240201;100152;166.740000000;40;9501012705;B
20240201;100152;166.710000000;200;9501012840;S
20240201;100152;166.750000000;10;9501012868;B
20240201;100153;166.750000000;100;9501012877;B
20240201;100154;166.710000000;20;9501013030;S
20240201;100155;166.710000000;10;9501013107;S
20240201;100156;166.720000000;10;9501013296;S
20240201;100156;166.750000000;10;9501013375;B
20240201;100156;166.750000000;10;9501013378;B
20240201;100157;166.750000000;420;9501013430;B
20240201;100157;166.750000000;150;9501013432;B
20240201;100158;166.750000000;100;9501013668;B
20240201;100159;166.730000000;1810;9501013994;S
20240201;100159;166.720000000;290;9501013995;S
20240201;100159;166.720000000;3000;9501013996;S
20240201;100159;166.710000000;40;9501013997;S
20240201;100159;166.700000000;190;9501013998;S
20240201;100159;166.700000000;2670;9501013999;S
20240201;100159;166.700000000;500;9501014010;S
20240201;100159;166.740000000;10;9501014028;B
20240201;100200;166.700000000;50;9501014088;S
20240201;100200;166.700000000;360;9501014108;S
20240201;100200;166.740000000;10;9501014120;B
20240201;100200;166.730000000;500;9501014212;B
20240201;100200;166.720000000;10;9501014220;S
20240201;100201;166.720000000;10;9501014310;S
20240201;100202;166.730000000;10;9501014492;B
20240201;100202;166.730000000;10;9501014498;B
20240201;100203;166.730000000;150;9501014648;B
20240201;100203;166.730000000;100;9501014660;B
20240201;100203;166.720000000;300;9501014661;S
20240201;100203;166.720000000;200;9501014686;B
20240201;100203;166.710000000;190;9501014693;S
20240201;100204;166.710000000;10;9501014759;S
20240201;100204;166.720000000;500;9501014829;B
20240201;100204;166.730000000;230;9501014830;B
20240201;100204;166.730000000;200;9501014831;B
20240201;100204;166.730000000;500;9501014832;B
20240201;100204;166.740000000;70;9501014833;B
20240201;100205;166.710000000;20;9501014852;S
20240201;100205;166.740000000;10;9501014895;B
20240201;100206;166.740000000;100;9501014977;B
20240201;100206;166.740000000;300;9501015096;B
20240201;100206;166.740000000;200;9501015097;B
20240201;100206;166.740000000;50;9501015098;B
20240201;100206;166.750000000;160;9501015099;B
20240201;100208;166.740000000;10;9501015413;B
20240201;100210;166.730000000;200;9501015638;B
20240201;100210;166.740000000;10;9501015661;B
20240201;100210;166.740000000;500;9501015672;B
20240201;100210;166.730000000;300;9501015709;S
20240201;100210;166.710000000;300;9501015710;S
20240201;100211;166.740000000;480;9501015910;B
20240201;100211;166.740000000;20;9501015911;B
20240201;100212;166.740000000;10;9501016073;B
20240201;100213;166.740000000;10;9501016343;B
20240201;100215;166.730000000;200;9501016576;S
20240201;100215;166.730000000;20;9501016577;S
20240201;100215;166.710000000;110;9501016578;S
20240201;100215;166.720000000;60;9501016665;S
20240201;100216;166.740000000;10;9501016680;B
20240201;100218;166.740000000;50;9501017035;B
20240201;100218;166.740000000;3040;9501017073;B
20240201;100218;166.740000000;70;9501017074;B
20240201;100219;166.740000000;50;9501017115;B
20240201;100219;166.730000000;1000;9501017132;S
20240201;100219;166.720000000;10;9501017149;S
20240201;100219;166.720000000;200;9501017157;S
20240201;100220;166.740000000;1260;9501017280;B
20240201;100221;166.720000000;300;9501017482;S
20240201;100221;166.730000000;60;9501017583;B
20240201;100221;166.730000000;90;9501017584;B
20240201;100221;166.730000000;30;9501017596;B
20240201;100221;166.720000000;1520;9501017701;S
20240201;100221;166.710000000;1370;9501017702;S
20240201;100221;166.710000000;2000;9501017703;S
20240201;100221;166.710000000;10;9501017704;S
20240201;100221;166.710000000;10;9501017705;S
20240201;100221;166.710000000;500;9501017706;S
20240201;100221;166.710000000;10;9501017707;S
20240201;100221;166.710000000;1000;9501017708;S
20240201;100221;166.710000000;300;9501017709;S
20240201;100221;166.700000000;6420;9501017710;S
20240201;100221;166.700000000;1000;9501017711;S
20240201;100221;166.700000000;100;9501017712;S
20240201;100221;166.700000000;10;9501017713;S
20240201;100221;166.700000000;200;9501017714;S
20240201;100221;166.700000000;1360;9501017715;S
20240201;100221;166.700000000;190;9501017716;S
20240201;100221;166.700000000;180;9501017717;S
20240201;100221;166.690000000;10;9501017718;S
20240201;100221;166.690000000;810;9501017719;S
20240201;100223;166.720000000;100;9501018077;S
20240201;100223;166.730000000;210;9501018082;B
20240201;100224;166.710000000;750;9501018191;S
20240201;100224;166.730000000;10;9501018222;B
20240201;100225;166.730000000;140;9501018435;B
20240201;100225;166.740000000;10;9501018436;B
20240201;100226;166.740000000;20;9501018698;B
20240201;100226;166.740000000;20;9501018706;B
20240201;100226;166.740000000;10;9501018722;B
20240201;100227;166.730000000;100;9501018846;B
20240201;100227;166.720000000;10;9501018869;S
20240201;100228;166.720000000;90;9501019049;S
20240201;100228;166.710000000;1250;9501019050;S
20240201;100228;166.710000000;200;9501019051;S
20240201;100228;166.710000000;80;9501019052;S
20240201;100228;166.700000000;1240;9501019053;S
20240201;100229;166.700000000;10;9501019148;S
20240201;100229;166.730000000;600;9501019152;B
20240201;100231;166.700000000;10;9501019479;S
20240201;100231;166.730000000;10;9501019485;B
20240201;100231;166.700000000;50;9501019510;S
20240201;100231;166.730000000;10;9501019511;B
20240201;100231;166.700000000;690;9501019539;S
20240201;100231;166.700000000;13050;9501019540;S
20240201;100231;166.700000000;500;9501019541;S
20240201;100231;166.700000000;760;9501019542;S
20240201;100232;166.710000000;10;9501019640;S
20240201;100232;166.710000000;10;9501019665;S
20240201;100232;166.730000000;50;9501019735;B
20240201;100232;166.710000000;20;9501019746;S
20240201;100233;166.730000000;100;9501019789;B
20240201;100233;166.710000000;20;9501019852;S
20240201;100233;166.710000000;200;9501019860;S
20240201;100234;166.720000000;10;9501019990;S
20240201;100234;166.710000000;1740;9501019991;S
20240201;100234;166.700000000;1240;9501019992;S
20240201;100234;166.700000000;10;9501019993;S
20240201;100234;166.700000000;2000;9501019994;B
20240201;100235;166.700000000;20;9501020126;B
20240201;100236;166.700000000;10;9501020264;B
20240201;100236;166.700000000;600;9501020276;B
20240201;100237;166.690000000;1000;9501020344;S
20240201;100237;166.690000000;2000;9501020345;S
20240201;100237;166.690000000;2000;9501020346;S
20240201;100237;166.690000000;300;9501020347;S
20240201;100237;166.680000000;50;9501020348;S
20240201;100237;166.680000000;10;9501020349;S
20240201;100237;166.680000000;2470;9501020350;S
20240201;100237;166.700000000;2000;9501020351;B
20240201;100238;166.690000000;10;9501020705;B
20240201;100238;166.700000000;140;9501020706;B
20240201;100238;166.700000000;50;9501020722;B
20240201;100239;166.700000000;10;9501020889;B
20240201;100239;166.700000000;290;9501020971;B
20240201;100240;166.700000000;140;9501021009;B
20240201;100241;166.700000000;260;9501021161;B
20240201;100242;166.680000000;10;9501021269;S
20240201;100244;166.700000000;100;9501021502;B
20240201;100245;166.690000000;10;9501021628;B
20240201;100245;166.700000000;30;9501021629;B
20240201;100245;166.680000000;500;9501021630;S
20240201;100245;166.680000000;500;9501021663;S
20240201;100245;166.700000000;50;9501021711;B
20240201;100245;166.680000000;6520;9501021756;S
20240201;100245;166.670000000;20;9501021757;S
20240201;100245;166.670000000;710;9501021758;S
20240201;100245;166.660000000;2610;9501021759;S
20240201;100245;166.660000000;20000;9501021760;S
20240201;100245;166.660000000;460;9501021761;S
20240201;100245;166.660000000;2180;9501021762;S
20240201;100245;166.650000000;9700;9501021763;S
20240201;100245;166.650000000;200;9501021764;S
20240201;100245;166.650000000;210;9501021765;S
20240201;100245;166.650000000;50;9501021766;S
20240201;100245;166.650000000;190;9501021767;S
20240201;100245;166.650000000;100;9501021768;S
20240201;100245;166.650000000;80;9501021769;S
20240201;100245;166.650000000;10;9501021770;S
20240201;100245;166.650000000;20;9501021771;S
20240201;100245;166.650000000;10;9501021772;S
20240201;100245;166.650000000;200;9501021773;S
20240201;100245;166.650000000;10;9501021774;S
20240201;100245;166.650000000;2000;9501021775;S
20240201;100245;166.650000000;300;9501021776;S
20240201;100245;166.640000000;230;9501021777;S
20240201;100245;166.640000000;230;9501021778;S
20240201;100245;166.640000000;210;9501021779;S
20240201;100245;166.640000000;460;9501021780;S
20240201;100245;166.640000000;1000;9501021781;S
20240201;100245;166.630000000;10;9501021782;S
20240201;100245;166.630000000;400;9501021783;S
20240201;100245;166.630000000;210;9501021784;S
20240201;100245;166.630000000;800;9501021785;S
20240201;100245;166.630000000;1000;9501021786;S
20240201;100245;166.620000000;5450;9501021787;S
20240201;100245;166.620000000;210;9501021788;S
20240201;100245;166.620000000;1000;9501021789;S
20240201;100245;166.620000000;2090;9501021790;S
20240201;100245;166.610000000;1040;9501021791;S
20240201;100245;166.610000000;90;9501021792;S
20240201;100245;166.610000000;10;9501021793;S
20240201;100245;166.610000000;50;9501021794;S
20240201;100245;166.610000000;210;9501021795;S
20240201;100245;166.610000000;50;9501021796;S
20240201;100245;166.610000000;370;9501021797;S
20240201;100245;166.610000000;10;9501021798;S
20240201;100245;166.610000000;1000;9501021799;S
20240201;100245;166.610000000;1000;9501021800;S
20240201;100245;166.610000000;1000;9501021801;S
20240201;100245;166.610000000;5000;9501021802;S
20240201;100245;166.610000000;50;9501021803;S
20240201;100245;166.610000000;1000;9501021804;S
20240201;100245;166.610000000;100;9501021805;S
20240201;100245;166.610000000;10000;9501021806;S
20240201;100245;166.610000000;10;9501021807;S
20240201;100245;166.610000000;10;9501021808;S
20240201;100245;166.600000000;70720;9501021809;S
20240201;100246;166.610000000;40;9501021853;S
20240201;100246;166.610000000;2940;9501021854;S
20240201;100246;166.600000000;7020;9501021855;S
20240201;100246;166.670000000;10;9501021905;B
20240201;100246;166.600000000;10000;9501021924;S
20240201;100247;166.600000000;10;9501021948;S
20240201;100247;166.670000000;200;9501021949;B
20240201;100247;166.650000000;300;9501021972;B
20240201;100247;166.660000000;300;9501021973;B
20240201;100247;166.680000000;1810;9501021974;B
20240201;100247;166.680000000;2090;9501021975;B
20240201;100247;166.690000000;300;9501021987;B
20240201;100247;166.690000000;1810;9501021988;B
20240201;100247;166.700000000;1300;9501021989;B
20240201;100247;166.700000000;1000;9501021990;B
20240201;100247;166.700000000;400;9501021991;B
20240201;100247;166.700000000;200;9501021992;B
20240201;100247;166.710000000;50;9501021993;B
20240201;100247;166.710000000;330;9501021994;B
20240201;100247;166.610000000;20;9501022005;S
20240201;100248;166.600000000;1210;9501022142;S
20240201;100248;166.600000000;12000;9501022165;S
20240201;100249;166.600000000;40;9501022264;S
20240201;100249;166.600000000;25620;9501022265;S
20240201;100249;166.600000000;90;9501022266;S
20240201;100249;166.600000000;1100;9501022267;S
20240201;100249;166.600000000;10;9501022268;S
20240201;100249;166.600000000;100;9501022269;S
20240201;100249;166.600000000;40;9501022270;S
20240201;100249;166.600000000;150;9501022271;S
20240201;100249;166.600000000;300;9501022272;S
20240201;100249;166.600000000;10;9501022273;S
20240201;100249;166.600000000;10;9501022274;S
20240201;100249;166.600000000;30;9501022275;S
20240201;100249;166.600000000;100;9501022276;S
20240201;100249;166.600000000;90;9501022277;S
20240201;100249;166.600000000;300;9501022278;S
20240201;100249;166.580000000;260;9501022280;B
20240201;100249;166.570000000;200;9501022283;S
20240201;100249;166.570000000;20;9501022288;S
20240201;100249;166.570000000;100;9501022289;S
20240201;100249;166.570000000;10;9501022290;S
20240201;100249;166.570000000;50;9501022300;S
20240201;100249;166.580000000;20;9501022311;B
20240201;100249;166.570000000;20;9501022365;S
20240201;100250;166.580000000;20;9501022438;B
20240201;100250;166.580000000;180;9501022439;B
20240201;100250;166.570000000;10;9501022462;B
20240201;100253;166.530000000;10;9501022757;S
20240201;100253;166.600000000;10;9501022765;B
20240201;100253;166.600000000;20;9501022859;B
20240201;100254;166.600000000;10;9501022883;B
20240201;100256;166.580000000;100;9501023153;B
20240201;100257;166.580000000;100;9501023318;B
20240201;100258;166.550000000;10;9501023467;S
20240201;100258;166.580000000;10;9501023491;B
20240201;100300;166.550000000;500;9501023696;S
20240201;100301;166.570000000;40;9501023856;B
20240201;100301;166.550000000;490;9501023872;S
20240201;100302;166.550000000;10;9501023912;B
20240201;100302;166.550000000;1000;9501024000;B
20240201;100303;166.540000000;100;9501024134;B
20240201;100303;166.540000000;10;9501024135;B
20240201;100303;166.550000000;10;9501024136;B
20240201;100303;166.570000000;80;9501024137;B
20240201;100304;166.520000000;10;9501024186;S
20240201;100304;166.560000000;100;9501024297;S
20240201;100305;166.570000000;10;9501024378;B
20240201;100306;166.560000000;1220;9501024440;S
20240201;100307;166.570000000;100;9501024504;B
20240201;100307;166.570000000;770;9501024596;B
20240201;100307;166.570000000;990;9501024597;B
20240201;100307;166.580000000;100;9501024598;B
20240201;100307;166.580000000;500;9501024605;S
20240201;100307;166.580000000;50;9501024612;S
20240201;100307;166.580000000;2530;9501024643;S
20240201;100307;166.580000000;1720;9501024644;S
20240201;100307;166.570000000;300;9501024645;S
20240201;100307;166.560000000;680;9501024646;S
20240201;100307;166.560000000;2000;9501024647;S
20240201;100307;166.560000000;500;9501024648;S
20240201;100307;166.560000000;2100;9501024649;S
20240201;100307;166.550000000;470;9501024650;S
20240201;100307;166.570000000;120;9501024654;S
20240201;100308;166.570000000;100;9501024679;S
20240201;100308;166.600000000;200;9501024697;B
20240201;100308;166.570000000;80;9501024720;S
20240201;100308;166.570000000;300;9501024721;S
20240201;100308;166.560000000;2000;9501024722;S
20240201;100308;166.550000000;620;9501024723;S
20240201;100308;166.610000000;500;9501024776;B
20240201;100310;166.590000000;40;9501025039;B
20240201;100310;166.590000000;10;9501025042;B
20240201;100310;166.590000000;100;9501025084;B
20240201;100311;166.560000000;250;9501025222;S
20240201;100311;166.560000000;10;9501025242;S
20240201;100314;166.590000000;10;9501025729;B
20240201;100314;166.580000000;210;9501025944;S
20240201;100314;166.590000000;340;9501026014;B
20240201;100314;166.590000000;260;9501026015;B
20240201;100314;166.590000000;320;9501026021;B
20240201;100314;166.590000000;170;9501026035;B
20240201;100314;166.590000000;40;9501026065;B
20240201;100314;166.590000000;10;9501026068;B
20240201;100316;166.600000000;250;9501026666;B
20240201;100316;166.600000000;10;9501026667;B
20240201;100316;166.630000000;100;9501026668;B
20240201;100316;166.580000000;300;9501026797;S
20240201;100317;166.580000000;300;9501026828;S
20240201;100317;166.580000000;4300;9501026829;B
20240201;100317;166.580000000;250;9501026871;S
20240201;100317;166.600000000;50;9501026925;B
20240201;100318;166.600000000;340;9501027146;B
20240201;100319;166.560000000;10;9501027183;S
20240201;100320;166.580000000;330;9501027383;B
20240201;100320;166.590000000;500;9501027384;B
20240201;100320;166.600000000;170;9501027385;B
20240201;100320;166.600000000;40;9501027392;B
20240201;100320;166.600000000;90;9501027411;B
20240201;100321;166.600000000;20;9501027525;B
20240201;100322;166.600000000;600;9501027600;B
20240201;100322;166.600000000;440;9501027714;B
20240201;100322;166.630000000;150;9501027715;B
20240201;100322;166.640000000;500;9501027716;B
20240201;100322;166.650000000;120;9501027717;B
20240201;100322;166.630000000;200;9501027750;B
20240201;100323;166.620000000;50;9501027825;S
20240201;100324;166.620000000;20;9501027942;S
20240201;100324;166.620000000;100;9501027965;S
20240201;100324;166.620000000;30;9501027976;S
20240201;100324;166.610000000;20;9501027977;S
20240201;100324;166.590000000;30;9501027978;S
20240201;100324;166.580000000;10;9501027979;S
20240201;100324;166.580000000;300;9501027980;S
20240201;100324;166.570000000;210;9501027981;S
20240201;100326;166.600000000;500;9501028254;B
20240201;100326;166.630000000;100;9501028255;B
20240201;100326;166.630000000;400;9501028466;S
20240201;100326;166.590000000;20;9501028484;S
20240201;100327;166.590000000;100;9501028624;S
20240201;100328;166.600000000;750;9501028728;B
20240201;100328;166.640000000;500;9501028729;B
20240201;100328;166.650000000;230;9501028730;B
20240201;100328;166.650000000;300;9501028731;B
20240201;100328;166.660000000;1210;9501028732;B
20240201;100328;166.670000000;3620;9501028733;B
20240201;100328;166.670000000;3390;9501028734;B
20240201;100328;166.600000000;10;9501028736;S
20240201;100329;166.600000000;10;9501028798;S
20240201;100329;166.630000000;50;9501028816;S
20240201;100329;166.680000000;50;9501028862;B
20240201;100329;166.700000000;30;9501028863;B
20240201;100329;166.700000000;500;9501028864;B
20240201;100329;166.700000000;50;9501028865;B
20240201;100329;166.700000000;1000;9501028866;B
20240201;100329;166.710000000;230;9501028867;B
20240201;100329;166.720000000;10;9501028868;B
20240201;100329;166.720000000;20;9501028869;B
20240201;100329;166.720000000;2700;9501028870;B
20240201;100329;166.720000000;2100;9501028885;B
20240201;100329;166.720000000;300;9501028886;B
20240201;100329;166.730000000;130;9501028887;B
20240201;100329;166.730000000;110;9501028888;B
20240201;100329;166.740000000;420;9501028889;B
20240201;100329;166.740000000;100;9501028890;B
20240201;100329;166.740000000;10;9501028891;B
20240201;100329;166.740000000;100;9501028892;B
20240201;100329;166.740000000;500;9501028893;B
20240201;100329;166.740000000;100;9501028894;B
20240201;100329;166.740000000;310;9501028895;B
20240201;100329;166.740000000;200;9501028896;B
20240201;100329;166.740000000;10;9501028897;B
20240201;100329;166.740000000;500;9501028898;B
20240201;100329;166.740000000;110;9501028899;B
20240201;100330;166.740000000;300;9501028962;B
20240201;100330;166.740000000;200;9501028995;B
20240201;100331;166.690000000;30;9501029073;S
20240201;100332;166.730000000;350;9501029141;B
20240201;100332;166.690000000;270;9501029286;S
20240201;100332;166.690000000;980;9501029287;S
20240201;100333;166.690000000;100;9501029369;S
20240201;100333;166.700000000;10;9501029509;B
20240201;100334;166.700000000;10;9501029556;B
20240201;100335;166.700000000;50;9501029735;B
20240201;100337;166.690000000;10;9501029976;S
20240201;100337;166.700000000;100;9501029985;B
20240201;100338;166.700000000;40;9501030054;B
20240201;100340;166.700000000;10;9501030357;B
20240201;100340;166.700000000;300;9501030453;B
20240201;100341;166.690000000;50;9501030535;S
20240201;100341;166.690000000;110;9501030576;S
20240201;100341;166.700000000;590;9501030628;B
20240201;100341;166.700000000;200;9501030656;B
20240201;100342;166.700000000;10;9501030748;B
20240201;100342;166.690000000;1640;9501030791;S
20240201;100342;166.680000000;1000;9501030792;S
20240201;100342;166.680000000;1550;9501030793;S
20240201;100342;166.680000000;250;9501030794;S
20240201;100342;166.670000000;560;9501030795;S
20240201;100343;166.690000000;10;9501030864;B
20240201;100343;166.680000000;10;9501030919;S
20240201;100343;166.690000000;40;9501030928;B
20240201;100344;166.690000000;10;9501031008;B
20240201;100345;166.680000000;340;9501031146;S
20240201;100345;166.690000000;10;9501031200;B
20240201;100347;166.680000000;70;9501031422;S
20240201;100348;166.690000000;230;9501031741;B
20240201;100348;166.690000000;10;9501031742;B
20240201;100348;166.700000000;80;9501031743;B
20240201;100348;166.700000000;10;9501031744;B
20240201;100348;166.700000000;500;9501031745;B
20240201;100348;166.700000000;40;9501031746;B
20240201;100348;166.700000000;290;9501031747;B
20240201;100350;166.700000000;300;9501032727;B
20240201;100351;166.690000000;10;9501032994;S
20240201;100352;166.690000000;10;9501033215;S
20240201;100352;166.700000000;30;9501033245;B
20240201;100352;166.690000000;110;9501033477;S
20240201;100352;166.690000000;120;9501033510;S
20240201;100352;166.680000000;120;9501033560;S
20240201;100352;166.680000000;470;9501033594;S
20240201;100352;166.680000000;50;9501033613;S
20240201;100352;166.680000000;70;9501033614;S
20240201;100352;166.680000000;50;9501033643;S
20240201;100352;166.680000000;190;9501033644;S
20240201;100352;166.680000000;1160;9501033645;S
20240201;100354;166.700000000;20;9501033958;B
20240201;100354;166.680000000;150;9501033982;S
20240201;100354;166.700000000;80;9501033999;B
20240201;100355;166.700000000;100;9501034239;B
20240201;100357;166.700000000;150;9501034357;B
20240201;100357;166.680000000;20;9501034370;S
20240201;100357;166.700000000;300;9501034388;B
20240201;100357;166.680000000;10;9501034489;S
20240201;100358;166.680000000;290;9501034591;S
20240201;100358;166.680000000;70;9501034641;S
20240201;100359;166.700000000;10;9501034780;B
20240201;100359;166.680000000;370;9501034796;S
20240201;100359;166.680000000;740;9501034832;S
20240201;100359;166.670000000;300;9501034870;S
20240201;100359;166.700000000;80;9501034913;B
20240201;100359;166.700000000;150;9501034920;B
20240201;100359;166.690000000;200;9501034953;S
20240201;100359;166.680000000;1810;9501034954;S
20240201;100359;166.670000000;2140;9501034955;S
20240201;100359;166.670000000;50;9501034956;S
20240201;100359;166.670000000;10;9501034957;S
20240201;100359;166.660000000;10;9501034991;S
20240201;100359;166.670000000;10;9501035012;B
20240201;100400;166.670000000;90;9501035070;B
20240201;100400;166.680000000;100;9501035071;B
20240201;100400;166.690000000;40;9501035089;B
20240201;100400;166.690000000;80;9501035122;B
20240201;100401;166.690000000;4030;9501035268;B
20240201;100401;166.690000000;50;9501035313;B
20240201;100401;166.690000000;3000;9501035328;B
20240201;100402;166.680000000;230;9501035398;S
20240201;100402;166.690000000;20;9501035417;B
20240201;100402;166.690000000;200;9501035432;B
20240201;100402;166.690000000;160;9501035459;B
20240201;100402;166.680000000;30;9501035585;S
20240201;100403;166.690000000;10;9501035711;B
20240201;100404;166.690000000;10;9501035890;B
20240201;100404;166.690000000;470;9501035891;B
20240201;100405;166.690000000;30;9501035954;B
20240201;100406;166.690000000;10;9501036166;B
20240201;100406;166.690000000;10;9501036227;B
20240201;100406;166.690000000;210;9501036228;B
20240201;100407;166.690000000;210;9501036326;B
20240201;100407;166.700000000;1000;9501036327;B
20240201;100408;166.690000000;90;9501036489;S
20240201;100408;166.700000000;40;9501036553;B
20240201;100408;166.700000000;100;9501036554;B
20240201;100408;166.700000000;60;9501036555;B
20240201;100408;166.700000000;10;9501036560;B
20240201;100408;166.700000000;250;9501036561;B
20240201;100408;166.700000000;40;9501036562;B
20240201;100408;166.700000000;60;9501036563;B
20240201;100408;166.700000000;10;9501036608;B
20240201;100409;166.690000000;30;9501036639;S
20240201;100411;166.700000000;10;9501036876;B
20240201;100411;166.700000000;10;9501036914;B
20240201;100411;166.690000000;50;9501036919;S
20240201;100411;166.690000000;130;9501036934;S
20240201;100411;166.690000000;570;9501036935;S
20240201;100411;166.690000000;1520;9501036989;S
20240201;100411;166.690000000;480;9501036990;S
20240201;100412;166.700000000;210;9501037217;B
20240201;100412;166.700000000;290;9501037218;B
20240201;100413;166.700000000;10;9501037414;B
20240201;100414;166.700000000;5000;9501037599;B
20240201;100414;166.690000000;560;9501037638;S
20240201;100415;166.700000000;70;9501037693;B
20240201;100415;166.700000000;130;9501037898;B
20240201;100417;166.690000000;10;9501038224;S
20240201;100418;166.700000000;880;9501038352;B
20240201;100419;166.690000000;100;9501038693;S
20240201;100421;166.700000000;1650;9501039011;B
20240201;100421;166.700000000;1000;9501039020;B
20240201;100421;166.690000000;100;9501039188;S
20240201;100421;166.690000000;80;9501039189;S
20240201;100421;166.690000000;20;9501039190;S
20240201;100422;166.700000000;10;9501039268;B
20240201;100422;166.700000000;4800;9501039425;B
20240201;100423;166.700000000;30;9501039472;B
20240201;100424;166.690000000;30;9501039699;S
20240201;100424;166.690000000;1500;9501039700;S
20240201;100424;166.690000000;10;9501039701;S
20240201;100424;166.690000000;200;9501039702;S
20240201;100424;166.690000000;60;9501039703;S
20240201;100424;166.690000000;300;9501039704;S
20240201;100424;166.690000000;900;9501039705;S
20240201;100424;166.690000000;10;9501039707;S
20240201;100424;166.700000000;1210;9501039711;B
20240201;100424;166.700000000;380;9501039737;B
20240201;100424;166.700000000;10;9501039753;B
20240201;100425;166.700000000;80;9501039806;B
20240201;100425;166.700000000;30;9501039981;B
20240201;100426;166.690000000;50;9501040053;S
20240201;100426;166.690000000;30;9501040054;S
20240201;100426;166.690000000;100;9501040117;S
20240201;100428;166.700000000;120;9501040276;B
20240201;100428;166.690000000;70;9501040297;S
20240201;100428;166.690000000;500;9501040298;S
20240201;100428;166.690000000;10;9501040299;S
20240201;100428;166.690000000;1000;9501040300;S
20240201;100428;166.690000000;1000;9501040301;S
20240201;100428;166.690000000;10;9501040302;S
20240201;100428;166.690000000;4350;9501040303;S
20240201;100428;166.690000000;5650;9501040350;S
20240201;100428;166.690000000;100;9501040351;S
20240201;100428;166.690000000;1810;9501040352;S
20240201;100428;166.690000000;100;9501040353;S
20240201;100428;166.690000000;50;9501040383;B
20240201;100429;166.690000000;60;9501040645;B
20240201;100429;166.680000000;91550;9501040647;S
20240201;100429;166.680000000;8450;9501040648;S
20240201;100430;166.690000000;10;9501040707;B
20240201;100430;166.690000000;30;9501040732;B
20240201;100430;166.690000000;10;9501040760;B
20240201;100430;166.680000000;10;9501040825;S
20240201;100431;166.680000000;10;9501040900;S
20240201;100431;166.680000000;10;9501040961;S
20240201;100432;166.690000000;10;9501041082;B
20240201;100433;166.690000000;20;9501041282;B
20240201;100434;166.680000000;10;9501041375;S
20240201;100435;166.690000000;150;9501041622;B
20240201;100436;166.690000000;200;9501041776;B
20240201;100436;166.690000000;60;9501041844;B
20240201;100438;166.690000000;840;9501042189;B
20240201;100438;166.680000000;10;9501042241;S
20240201;100439;166.680000000;550;9501042276;S
20240201;100439;166.680000000;80;9501042310;S
20240201;100439;166.690000000;100;9501042319;B
20240201;100440;166.680000000;11760;9501042393;S
20240201;100440;166.680000000;10;9501042394;S
20240201;100440;166.680000000;110;9501042395;S
20240201;100440;166.680000000;50;9501042396;S
20240201;100440;166.680000000;10;9501042397;S
20240201;100440;166.680000000;1000;9501042398;S
20240201;100440;166.680000000;20;9501042399;S
20240201;100440;166.680000000;200;9501042400;S
20240201;100440;166.680000000;300;9501042401;S
20240201;100440;166.680000000;2310;9501042444;B
20240201;100440;166.670000000;10;9501042468;S
20240201;100440;166.660000000;10;9501042490;S
20240201;100440;166.660000000;20;9501042491;S
20240201;100440;166.650000000;460;9501042492;S
20240201;100441;166.670000000;10;9501042515;B
20240201;100442;166.660000000;800;9501042729;B
20240201;100442;166.660000000;6950;9501042730;B
20240201;100442;166.660000000;800;9501042731;B
20240201;100442;166.670000000;1450;9501042732;B
20240201;100442;166.650000000;10;9501042792;S
20240201;100442;166.680000000;10;9501042793;B
20240201;100442;166.680000000;30;9501042807;B
20240201;100443;166.680000000;1780;9501042887;B
20240201;100443;166.660000000;10;9501042943;S
20240201;100445;166.680000000;300;9501043213;B
20240201;100445;166.660000000;230;9501043253;S
20240201;100445;166.650000000;530;9501043254;S
20240201;100445;166.650000000;20;9501043255;S
20240201;100445;166.650000000;1300;9501043256;S
20240201;100445;166.650000000;120;9501043257;S
20240201;100446;166.650000000;10;9501043280;S
20240201;100446;166.660000000;10;9501043333;B
20240201;100446;166.680000000;10;9501043334;B
20240201;100450;166.660000000;80;9501044068;S
20240201;100451;166.680000000;480;9501044190;B
20240201;100451;166.660000000;1920;9501044204;S
20240201;100451;166.660000000;300;9501044205;S
20240201;100451;166.660000000;200;9501044206;S
20240201;100451;166.650000000;1870;9501044207;S
20240201;100451;166.650000000;2000;9501044208;S
20240201;100451;166.650000000;7700;9501044209;S
20240201;100451;166.650000000;80;9501044210;S
20240201;100451;166.640000000;200;9501044211;S
20240201;100451;166.630000000;730;9501044212;S
20240201;100452;166.650000000;2000;9501044245;S
20240201;100452;166.670000000;100;9501044257;B
20240201;100452;166.650000000;100;9501044280;S
20240201;100452;166.670000000;20;9501044345;B
20240201;100454;166.660000000;10;9501044706;B
20240201;100454;166.660000000;300;9501044707;B
20240201;100454;166.670000000;1810;9501044708;B
20240201;100454;166.680000000;1680;9501044709;B
20240201;100455;166.660000000;20;9501044982;B
20240201;100456;166.670000000;120;9501045091;B
20240201;100456;166.670000000;180;9501045175;B
20240201;100456;166.680000000;1990;9501045176;B
20240201;100456;166.680000000;370;9501045177;B
20240201;100456;166.680000000;50;9501045178;B
20240201;100456;166.680000000;140;9501045179;B
20240201;100456;166.680000000;370;9501045180;B
20240201;100457;166.650000000;10;9501045208;S
20240201;100502;166.650000000;60;9501046041;S
20240201;100502;166.660000000;10;9501046147;B
20240201;100502;166.660000000;90;9501046148;B
20240201;100502;166.660000000;10;9501046149;B
20240201;100503;166.650000000;40;9501046170;S
20240201;100504;166.660000000;20;9501046361;B
20240201;100509;166.650000000;10;9501046951;S
20240201;100510;166.660000000;60;9501047132;B
20240201;100510;166.650000000;180;9501047217;S
20240201;100510;166.650000000;100;9501047218;S
20240201;100510;166.650000000;60;9501047219;S
20240201;100510;166.650000000;400;9501047220;S
20240201;100510;166.650000000;260;9501047221;S
20240201;100510;166.660000000;600;9501047235;B
20240201;100510;166.660000000;100;9501047236;B
20240201;100510;166.660000000;350;9501047237;B
20240201;100510;166.660000000;100;9501047238;B
20240201;100510;166.660000000;100;9501047239;B
20240201;100510;166.660000000;10;9501047240;B
20240201;100510;166.660000000;100;9501047241;B
20240201;100510;166.660000000;100;9501047242;B
20240201;100510;166.660000000;100;9501047243;B
20240201;100511;166.660000000;1600;9501047296;S
20240201;100511;166.660000000;1000;9501047402;S
20240201;100513;166.670000000;30;9501047810;B
20240201;100516;166.660000000;15000;9501048257;S
20240201;100516;166.660000000;840;9501048265;S
20240201;100516;166.660000000;20;9501048266;S
20240201;100516;166.650000000;140;9501048267;S
20240201;100517;166.650000000;10;9501048348;S
20240201;100517;166.650000000;100;9501048374;S
20240201;100517;166.650000000;1000;9501048418;S
20240201;100518;166.660000000;10;9501048521;B
20240201;100518;166.660000000;90;9501048522;B
20240201;100518;166.650000000;1000;9501048538;S
20240201;100519;166.660000000;40;9501048580;B
20240201;100519;166.650000000;1000;9501048623;S
20240201;100519;166.660000000;650;9501048636;B
20240201;100519;166.660000000;130;9501048659;B
20240201;100520;166.650000000;1000;9501048745;S
20240201;100521;166.660000000;20;9501048925;B
20240201;100521;166.650000000;1000;9501048932;S
20240201;100522;166.660000000;10;9501049144;B
20240201;100523;166.660000000;60;9501049209;B
20240201;100523;166.660000000;10;9501049210;B
20240201;100523;166.660000000;30;9501049211;B
20240201;100523;166.650000000;5600;9501049212;S
20240201;100523;166.650000000;20;9501049213;S
20240201;100523;166.650000000;130;9501049214;S
20240201;100523;166.650000000;1250;9501049215;S
20240201;100523;166.660000000;10;9501049232;B
20240201;100523;166.650000000;1000;9501049241;S
20240201;100523;166.660000000;30;9501049245;B
20240201;100523;166.660000000;670;9501049246;B
20240201;100525;166.650000000;230;9501049476;S
20240201;100525;166.650000000;60;9501049486;S
20240201;100526;166.650000000;360;9501049530;S
20240201;100526;166.650000000;640;9501049531;S
20240201;100527;166.660000000;400;9501049611;B
20240201;100527;166.650000000;100;9501049640;S
20240201;100528;166.650000000;10;9501049783;S
20240201;100528;166.660000000;210;9501049846;B
20240201;100529;166.650000000;390;9501049849;S
20240201;100529;166.650000000;50;9501049850;S
20240201;100529;166.650000000;300;9501049851;S
20240201;100529;166.650000000;240;9501049852;S
20240201;100529;166.650000000;60;9501049853;S
20240201;100530;166.650000000;2440;9501050125;B
20240201;100532;166.650000000;100;9501050408;B
20240201;100532;166.650000000;10;9501050413;B
20240201;100532;166.640000000;10;9501050417;S
20240201;100533;166.640000000;300;9501050457;S
20240201;100533;166.650000000;10;9501050460;B
20240201;100533;166.650000000;50;9501050461;B
20240201;100535;166.640000000;1690;9501050757;S
20240201;100535;166.640000000;1310;9501050758;S
20240201;100536;166.640000000;690;9501050951;S
20240201;100536;166.640000000;310;9501050952;S
20240201;100537;166.640000000;10;9501051066;S
20240201;100537;166.640000000;1680;9501051165;S
20240201;100537;166.640000000;300;9501051166;S
20240201;100537;166.640000000;1020;9501051167;S
20240201;100538;166.640000000;10;9501051209;S
20240201;100539;166.650000000;50;9501051309;B
20240201;100539;166.650000000;10;9501051394;B
20240201;100539;166.640000000;970;9501051399;S
20240201;100539;166.640000000;2000;9501051400;S
20240201;100539;166.640000000;30;9501051401;S
20240201;100539;166.640000000;10;9501051405;S
20240201;100540;166.640000000;10;9501051465;S
20240201;100540;166.640000000;200;9501051494;S
20240201;100540;166.650000000;20;9501051499;B
20240201;100540;166.640000000;10;9501051520;S
20240201;100541;166.650000000;10;9501051594;B
20240201;100541;166.640000000;10;9501051614;S
20240201;100541;166.650000000;10;9501051634;B
20240201;100541;166.650000000;980;9501051640;B
20240201;100541;166.650000000;10;9501051641;B
20240201;100541;166.650000000;100;9501051642;B
20240201;100541;166.650000000;1900;9501051643;B
20240201;100542;166.640000000;10;9501051646;S
20240201;100542;166.640000000;10;9501051673;S
20240201;100543;166.650000000;300;9501051770;B
20240201;100543;166.650000000;1500;9501051841;B
20240201;100543;166.640000000;10;9501051849;S
20240201;100543;166.650000000;90;9501051883;B
20240201;100543;166.640000000;10;9501051891;S
20240201;100544;166.640000000;20;9501051925;S
20240201;100544;166.640000000;610;9501051929;S
20240201;100544;166.640000000;1110;9501051945;S
20240201;100544;166.640000000;2000;9501051946;S
20240201;100544;166.640000000;250;9501051947;S
20240201;100544;166.640000000;50;9501051948;S
20240201;100544;166.640000000;590;9501051949;B
20240201;100544;166.640000000;1410;9501051950;S
20240201;100544;166.630000000;10;9501051993;S
20240201;100545;166.640000000;60;9501052019;B
20240201;100545;166.630000000;210;9501052022;S
20240201;100545;166.640000000;10;9501052048;B
20240201;100545;166.640000000;3640;9501052110;B
20240201;100545;166.640000000;1000;9501052111;B
20240201;100545;166.640000000;760;9501052112;B
20240201;100546;166.640000000;10;9501052227;B
20240201;100546;166.640000000;70;9501052294;B
20240201;100548;166.630000000;250;9501052430;S
20240201;100548;166.630000000;10;9501052431;S
20240201;100548;166.630000000;10;9501052432;S
20240201;100548;166.630000000;50;9501052433;S
20240201;100548;166.630000000;1170;9501052434;S
20240201;100548;166.630000000;830;9501052519;S
20240201;100548;166.630000000;2000;9501052520;S
20240201;100548;166.630000000;300;9501052521;S
20240201;100548;166.630000000;60;9501052522;S
20240201;100548;166.610000000;1810;9501052523;S
20240201;100548;166.600000000;1870;9501052524;S
20240201;100548;166.600000000;40;9501052525;S
20240201;100548;166.600000000;300;9501052526;S
20240201;100548;166.600000000;50;9501052527;S
20240201;100548;166.600000000;10;9501052528;S
20240201;100548;166.600000000;10;9501052529;S
20240201;100548;166.600000000;10;9501052530;S
20240201;100548;166.600000000;10;9501052531;S
20240201;100548;166.600000000;10;9501052532;S
20240201;100548;166.600000000;20;9501052533;S
20240201;100548;166.600000000;3200;9501052534;S
20240201;100548;166.590000000;60;9501052535;S
20240201;100548;166.590000000;50;9501052536;S
20240201;100548;166.590000000;200;9501052537;S
20240201;100548;166.570000000;500;9501052538;S
20240201;100548;166.570000000;10;9501052539;S
20240201;100548;166.570000000;500;9501052540;S
20240201;100548;166.570000000;60;9501052541;S
20240201;100548;166.570000000;20;9501052542;S
20240201;100548;166.570000000;3620;9501052543;S
20240201;100548;166.570000000;3620;9501052544;S
20240201;100548;166.570000000;300;9501052545;S
20240201;100548;166.560000000;490;9501052546;S
20240201;100548;166.560000000;300;9501052547;S
20240201;100548;166.560000000;1000;9501052548;S
20240201;100548;166.560000000;800;9501052549;S
20240201;100548;166.560000000;2500;9501052550;S
20240201;100548;166.560000000;800;9501052551;S
20240201;100548;166.560000000;2000;9501052552;S
20240201;100548;166.550000000;180;9501052553;S
20240201;100548;166.550000000;250;9501052554;S
20240201;100548;166.550000000;9000;9501052555;S
20240201;100548;166.550000000;210;9501052556;S
20240201;100548;166.550000000;25000;9501052557;S
20240201;100548;166.550000000;200;9501052558;S
20240201;100548;166.550000000;1000;9501052559;S
20240201;100548;166.550000000;30;9501052560;S
20240201;100548;166.540000000;70;9501052561;S
20240201;100548;166.540000000;210;9501052562;S
20240201;100548;166.540000000;8000;9501052563;S
20240201;100548;166.530000000;1000;9501052564;S
20240201;100548;166.530000000;210;9501052565;S
20240201;100548;166.530000000;8000;9501052566;S
20240201;100548;166.520000000;190;9501052567;S
20240201;100548;166.520000000;10;9501052568;S
20240201;100548;166.520000000;10;9501052569;S
20240201;100548;166.520000000;540;9501052570;S
20240201;100548;166.520000000;50;9501052571;S
20240201;100548;166.520000000;1000;9501052572;S
20240201;100548;166.520000000;210;9501052573;S
20240201;100548;166.520000000;16000;9501052574;S
20240201;100548;166.520000000;1270;9501052575;S
20240201;100549;166.570000000;300;9501052709;B
20240201;100549;166.570000000;700;9501052710;B
20240201;100550;166.560000000;60;9501052834;B
20240201;100550;166.510000000;3000;9501052868;S
20240201;100550;166.510000000;10;9501052869;S
20240201;100550;166.500000000;250;9501052870;S
20240201;100550;166.500000000;200;9501052871;S
20240201;100550;166.500000000;20;9501052872;S
20240201;100550;166.500000000;30;9501052873;S
20240201;100550;166.500000000;1000;9501052874;S
20240201;100550;166.500000000;250;9501052875;S
20240201;100550;166.500000000;200;9501052876;S
20240201;100550;166.500000000;50;9501052877;S
20240201;100550;166.500000000;150;9501052878;S
20240201;100550;166.500000000;1840;9501052879;S
20240201;100550;166.500000000;20;9501052880;S
20240201;100550;166.540000000;10;9501052882;B
20240201;100551;166.500000000;3140;9501052953;S
20240201;100551;166.500000000;1000;9501052954;S
20240201;100551;166.500000000;50;9501052955;S
20240201;100551;166.500000000;500;9501052956;S
20240201;100551;166.500000000;100;9501052957;S
20240201;100551;166.500000000;20;9501052958;S
20240201;100551;166.500000000;10;9501052959;S
20240201;100551;166.500000000;300;9501052960;S
20240201;100551;166.500000000;50;9501052961;S
20240201;100551;166.500000000;3400;9501052962;S
20240201;100551;166.500000000;1300;9501052963;S
20240201;100551;166.500000000;50;9501052964;S
20240201;100551;166.500000000;10;9501052965;S
20240201;100551;166.500000000;100;9501052966;S
20240201;100551;166.500000000;10;9501052967;S
20240201;100551;166.500000000;10;9501052968;S
20240201;100551;166.500000000;500;9501052969;S
20240201;100551;166.500000000;100;9501052970;S
20240201;100551;166.500000000;100;9501052971;S
20240201;100551;166.500000000;30;9501052972;S
20240201;100551;166.500000000;200;9501052973;S
20240201;100551;166.500000000;6000;9501052974;S
20240201;100551;166.500000000;2000;9501052975;S
20240201;100551;166.490000000;200;9501052976;S
20240201;100551;166.490000000;50;9501052977;S
20240201;100551;166.490000000;2000;9501052978;S
20240201;100551;166.480000000;30;9501052979;S
20240201;100551;166.480000000;10;9501052980;S
20240201;100551;166.480000000;100;9501052981;S
20240201;100551;166.480000000;500;9501052982;S
20240201;100551;166.480000000;300;9501052983;S
20240201;100551;166.480000000;3500;9501052984;S
20240201;100551;166.480000000;100;9501052985;S
20240201;100551;166.480000000;30;9501052986;S
20240201;100551;166.470000000;300;9501052987;S
20240201;100551;166.460000000;1000;9501052988;S
20240201;100551;166.460000000;20;9501052989;S
20240201;100551;166.460000000;300;9501052990;S
20240201;100551;166.460000000;10;9501052991;S
20240201;100551;166.460000000;210;9501052992;S
20240201;100551;166.460000000;100;9501052993;S
20240201;100551;166.460000000;2000;9501052994;S
20240201;100551;166.460000000;20;9501052995;S
20240201;100551;166.450000000;50;9501052996;S
20240201;100551;166.450000000;190;9501052997;S
20240201;100551;166.460000000;10;9501053002;S
20240201;100551;166.460000000;20;9501053059;S
20240201;100552;166.460000000;1970;9501053237;S
20240201;100552;166.450000000;200;9501053238;S
20240201;100552;166.450000000;50;9501053239;S
20240201;100552;166.450000000;300;9501053240;S
20240201;100552;166.450000000;1000;9501053241;S
20240201;100552;166.450000000;1000;9501053242;S
20240201;100552;166.450000000;500;9501053243;S
20240201;100552;166.450000000;980;9501053244;S
20240201;100553;166.450000000;10;9501053307;S
20240201;100553;166.490000000;10;9501053338;B
20240201;100553;166.450000000;200;9501053430;S
20240201;100554;166.450000000;10;9501053491;S
20240201;100554;166.490000000;290;9501053521;B
