<DATE>;<TIME>;<LAST>;<VOL>;<ID>;<OPER>
20240321;095949;158.79;10;9914003005;S
20240321;095949;158.79;50;9914003006;S
20240321;095949;158.79;10;9914003007;S
20240321;095949;158.79;30;9914003008;S
20240321;095949;158.79;10;9914003009;S
20240321;095949;158.79;10000;9914003010;S
20240321;095949;158.79;10000;9914003011;S
20240321;095949;158.79;10;9914003012;S
20240321;095949;158.79;10;9914003013;S
20240321;095949;158.79;20;9914003014;S
20240321;095949;158.79;30;9914003015;S
20240321;095949;158.79;60;9914003016;S
20240321;095949;158.79;10;9914003017;S
20240321;095949;158.79;2490;9914003018;S
20240321;095949;158.79;10;9914003019;S
20240321;095949;158.79;100;9914003020;S
20240321;095949;158.79;70;9914003021;S
20240321;095949;158.79;27150;9914003022;S
20240321;095949;158.79;10;9914003023;S
20240321;095949;158.79;10;9914003024;S
20240321;095949;158.79;50;9914003025;S
20240321;095949;158.79;10;9914003026;S
20240321;095949;158.79;10;9914003027;S
20240321;095949;158.79;100;9914003028;S
20240321;095949;158.79;250;9914003029;S
20240321;095949;158.79;1000;9914003030;B
20240321;095949;158.79;10;9914003031;B
20240321;095949;158.79;10;9914003032;B
20240321;095949;158.79;50;9914003033;B
20240321;095949;158.79;10;9914003034;B
20240321;095949;158.79;1000;9914003035;B
20240321;095949;158.79;10;9914003036;B
20240321;095949;158.79;10;9914003037;B
20240321;095949;158.79;620;9914003038;B
20240321;095949;158.79;70;9914003039;B
20240321;095949;158.79;10;9914003040;B
20240321;095949;158.79;100;9914003041;B
20240321;095949;158.79;30;9914003042;B
20240321;095949;158.79;10;9914003043;B
20240321;095949;158.79;10;9914003044;B
20240321;095949;158.79;260;9914003045;B
20240321;095949;158.79;3420;9914003046;B
20240321;095949;158.79;30;9914003047;B
20240321;095949;158.79;10;9914003048;B
20240321;095949;158.79;10;9914003049;B
20240321;095949;158.79;20;9914003050;B
20240321;095949;158.79;260;9914003051;B
20240321;095949;158.79;2000;9914003052;B
20240321;095949;158.79;10;9914003053;B
20240321;095949;158.79;4510;9914003054;S
20240321;095949;158.79;20;9914003055;S
20240321;095949;158.79;10;9914003056;B
20240321;095949;158.79;10;9914003057;B
20240321;095949;158.79;100;9914003058;B
20240321;095949;158.79;10;9914003059;B
20240321;095949;158.79;10;9914003060;B
20240321;095949;158.79;10;9914003061;B
20240321;095949;158.79;10;9914003062;B
20240321;095949;158.79;10;9914003063;B
20240321;095949;158.79;10;9914003064;B
20240321;095949;158.79;20;9914003065;B
20240321;095949;158.79;20;9914003066;B
20240321;095949;158.79;10;9914003067;B
20240321;095949;158.79;50;9914003068;B
20240321;095949;158.79;10;9914003069;B
20240321;095949;158.79;10;9914003070;B
20240321;095949;158.79;140;9914003071;B
20240321;095949;158.79;50;9914003072;B
20240321;095949;158.79;20;9914003073;B
20240321;095949;158.79;10;9914003074;B
20240321;095949;158.79;20;9914003075;B
20240321;095949;158.79;10;9914003076;B
20240321;095949;158.79;30;9914003077;B
20240321;095949;158.79;10;9914003078;B
20240321;095949;158.79;10;9914003079;B
20240321;095949;158.79;10;9914003080;S
20240321;095949;158.79;20;9914003081;S
20240321;095949;158.79;150;9914003082;S
20240321;095949;158.79;130;9914003083;S
20240321;095949;158.79;10;9914003084;S
20240321;095949;158.79;10;9914003085;S
20240321;095949;158.79;50;9914003086;S
20240321;095949;158.79;1010;9914003087;S
20240321;095949;158.79;200;9914003088;S
20240321;095949;158.79;110;9914003089;S
20240321;095949;158.79;10;9914003090;S
20240321;095949;158.79;10;9914003091;S
20240321;095949;158.79;130;9914003092;S
20240321;095949;158.79;30;9914003093;S
20240321;095949;158.79;10;9914003094;S
20240321;095949;158.79;10;9914003095;B
20240321;095949;158.79;10;9914003096;B
20240321;095949;158.79;10;9914003097;S
20240321;095949;158.79;10;9914003098;S
20240321;095949;158.79;10;9914003099;S
20240321;095949;158.79;10;9914003100;S
20240321;095949;158.79;10;9914003101;B
20240321;095949;158.79;100;9914003102;B
20240321;095949;158.79;4810;9914003103;B
20240321;095949;158.79;10;9914003104;B
20240321;095949;158.79;500;9914003105;B
20240321;095949;158.79;730;9914003106;B
20240321;095949;158.79;10;9914003107;S
20240321;095949;158.79;10;9914003108;B
20240321;095949;158.79;10;9914003109;S
20240321;095949;158.79;1000;9914003110;S
20240321;095949;158.79;6300;9914003111;B
20240321;095949;158.79;10;9914003112;B
20240321;095949;158.79;1850;9914003113;B
20240321;095949;158.79;10;9914003114;S
20240321;095949;158.79;30;9914003115;S
20240321;095949;158.79;10;9914003116;S
20240321;095949;158.79;50;9914003117;B
20240321;095949;158.79;10;9914003118;B
20240321;095949;158.79;1000;9914003119;S
20240321;095949;158.79;10;9914003120;S
20240321;095949;158.79;100;9914003121;B
20240321;095949;158.79;3860;9914003122;B
20240321;095949;158.79;250;9914003123;B
20240321;095949;158.79;10;9914003124;S
20240321;095949;158.79;10;9914003125;S
20240321;095949;158.79;10;9914003126;B
20240321;100000;158.7;1000;9914006108;S
20240321;100000;158.7;100;9914006154;S
20240321;100000;158.7;100;9914006260;S
20240321;100000;158.7;300;9914006293;S
20240321;100000;158.69;80;9914006294;S
20240321;100000;158.61;50;9914006803;B
20240321;100000;158.6;200;9914006837;S
20240321;100000;158.6;100;9914006842;S
20240321;100000;158.6;100;9914006853;S
20240321;100000;158.6;100;9914006856;S
20240321;100000;158.6;100;9914006858;S
20240321;100000;158.6;400;9914006864;S
20240321;100000;158.6;100;9914006868;S
20240321;100000;158.6;1400;9914006878;S
20240321;100000;158.59;10;9914007005;B
20240321;100001;158.58;600;9914007202;S
20240321;100001;158.58;200;9914007207;S
20240321;100001;158.58;100;9914007215;B
20240321;100001;158.59;210;9914007216;B
20240321;100001;158.59;470;9914007217;B
20240321;100001;158.59;300;9914007218;B
20240321;100001;158.59;500;9914007219;B
20240321;100001;158.59;100;9914007220;B
20240321;100001;158.59;100;9914007221;B
20240321;100001;158.59;100;9914007222;B
20240321;100001;158.59;120;9914007228;S
20240321;100001;158.59;100;9914007229;S
20240321;100001;158.61;220;9914007250;B
20240321;100001;158.61;300;9914007251;B
20240321;100001;158.62;220;9914007332;B
20240321;100001;158.62;300;9914007333;S
20240321;100001;158.6;130;9914007363;S
20240321;100001;158.58;220;9914007369;B
20240321;100001;158.59;220;9914007405;B
20240321;100001;158.6;220;9914007406;B
20240321;100001;158.6;120;9914007407;B
20240321;100001;158.61;300;9914007444;S
20240321;100001;158.6;570;9914007445;S
20240321;100001;158.61;100;9914007461;S
20240321;100001;158.61;50;9914007512;S
20240321;100001;158.61;20;9914007698;S
20240321;100001;158.57;10;9914008126;S
20240321;100002;158.64;10;9914008473;B
20240321;100002;158.64;50;9914008587;B
20240321;100002;158.64;160;9914009283;B
20240321;100002;158.64;300;9914009284;B
20240321;100002;158.65;1130;9914009285;B
20240321;100002;158.65;220;9914009286;B
20240321;100002;158.66;220;9914009287;B
20240321;100002;158.66;140;9914009288;B
20240321;100002;158.67;70;9914009289;B
20240321;100002;158.67;220;9914009290;B
20240321;100002;158.68;220;9914009291;B
20240321;100002;158.69;220;9914009292;B
20240321;100002;158.7;80;9914009293;B
20240321;100002;158.7;80;9914009294;B
20240321;100002;158.7;1530;9914009295;B
20240321;100002;158.7;220;9914009296;B
20240321;100002;158.7;70;9914009297;B
20240321;100002;158.66;300;9914009314;B
20240321;100002;158.66;220;9914009315;B
20240321;100002;158.67;10;9914009316;B
20240321;100002;158.67;220;9914009317;B
20240321;100002;158.68;220;9914009318;B
20240321;100002;158.69;20;9914009350;B
20240321;100003;158.69;140;9914010131;B
20240321;100005;158.69;50;9914011557;B
20240321;100006;158.69;10;9914012034;B
20240321;100006;158.66;20;9914012160;S
20240321;100006;158.66;20;9914012162;S
20240321;100006;158.69;10;9914012166;B
20240321;100006;158.66;10;9914012167;S
20240321;100006;158.62;10;9914012170;S
20240321;100006;158.69;50;9914012177;B
20240321;100006;158.69;50;9914012180;B
20240321;100006;158.56;20;9914012557;S
20240321;100006;158.68;10;9914012560;B
20240321;100006;158.56;40;9914012561;S
20240321;100006;158.68;10;9914012566;B
20240321;100006;158.68;10;9914012573;B
20240321;100006;158.56;10;9914012582;S
20240321;100006;158.68;10;9914012588;B
20240321;100006;158.68;10;9914012672;B
20240321;100006;158.56;10;9914012677;S
20240321;100006;158.68;10;9914012682;B
20240321;100006;158.56;50;9914012687;S
20240321;100006;158.56;10;9914012689;S
20240321;100006;158.68;10;9914012692;B
20240321;100006;158.56;40;9914012693;S
20240321;100006;158.57;10;9914012972;S
20240321;100006;158.68;20;9914012974;B
20240321;100006;158.57;790;9914012983;S
20240321;100006;158.68;10;9914012984;B
20240321;100006;158.68;10;9914012986;B
20240321;100006;158.68;10;9914013346;B
20240321;100006;158.68;10;9914013349;B
20240321;100006;158.68;10;9914013369;B
20240321;100006;158.59;10;9914013375;S
20240321;100006;158.68;40;9914013384;B
20240321;100007;158.68;10;9914013627;B
20240321;100007;158.68;10;9914013638;B
20240321;100007;158.68;10;9914013641;B
20240321;100007;158.59;20;9914013648;S
20240321;100007;158.68;10;9914013653;B
20240321;100007;158.68;20;9914013654;B
20240321;100007;158.59;30;9914013655;S
20240321;100007;158.68;10;9914013658;B
20240321;100007;158.68;10;9914013666;B
20240321;100007;158.68;10;9914013671;B
20240321;100007;158.68;10;9914013680;B
20240321;100007;158.59;10;9914013778;S
20240321;100007;158.68;10;9914013781;B
20240321;100007;158.68;10;9914013783;B
20240321;100007;158.68;10;9914013788;B
20240321;100007;158.59;10;9914013794;S
20240321;100007;158.59;10;9914014270;S
20240321;100007;158.59;10;9914014273;S
20240321;100007;158.59;20;9914014278;S
20240321;100007;158.68;10;9914014833;B
20240321;100007;158.59;10;9914014835;S
20240321;100007;158.68;40;9914014842;B
20240321;100007;158.68;10;9914014847;B
20240321;100007;158.68;10;9914014852;B
20240321;100007;158.68;10;9914014966;B
20240321;100007;158.68;10;9914014979;B
20240321;100007;158.68;130;9914014984;B
20240321;100007;158.69;170;9914014985;B
20240321;100007;158.59;10;9914015013;S
20240321;100008;158.69;10;9914015288;B
20240321;100008;158.69;10;9914015292;B
20240321;100008;158.59;10;9914015295;S
20240321;100008;158.69;10;9914015435;B
20240321;100008;158.69;10;9914015441;B
20240321;100008;158.66;10;9914015826;B
20240321;100008;158.66;10;9914015827;B
20240321;100008;158.66;10;9914015828;B
20240321;100008;158.59;40;9914016091;S
20240321;100008;158.66;10;9914016092;B
20240321;100008;158.66;50;9914016093;B
20240321;100008;158.66;10;9914016094;B
20240321;100008;158.66;10;9914016397;B
20240321;100008;158.66;10;9914016398;B
20240321;100008;158.59;20;9914016399;S
20240321;100008;158.66;10;9914016401;B
20240321;100009;158.59;40;9914016978;S
20240321;100009;158.66;90;9914017165;B
20240321;100009;158.67;10;9914017166;B
20240321;100009;158.67;100;9914017167;B
20240321;100009;158.66;10;9914017170;B
20240321;100009;158.66;10;9914017171;B
20240321;100009;158.66;10;9914017174;B
20240321;100009;158.66;20;9914017430;B
20240321;100009;158.59;10;9914017594;S
20240321;100009;158.66;60;9914017601;B
20240321;100009;158.59;40;9914017607;S
20240321;100009;158.59;30;9914017608;S
20240321;100009;158.66;10;9914017612;B
20240321;100009;158.66;60;9914017665;B
20240321;100009;158.66;30;9914017696;B
20240321;100009;158.66;10;9914017698;B
20240321;100009;158.59;30;9914017700;S
20240321;100009;158.66;20;9914017703;B
20240321;100009;158.66;10;9914017710;B
20240321;100009;158.59;10;9914017715;S
20240321;100009;158.61;300;9914017831;S
20240321;100009;158.6;20;9914017832;S
20240321;100009;158.6;110;9914017833;S
20240321;100009;158.59;2130;9914017834;S
20240321;100009;158.55;10;9914017835;S
20240321;100009;158.54;10;9914017836;S
20240321;100009;158.51;70;9914017837;S
20240321;100009;158.51;240;9914017838;S
20240321;100010;158.64;10;9914018172;B
20240321;100010;158.64;20;9914018181;B
20240321;100010;158.52;10;9914018205;S
20240321;100010;158.52;100;9914018220;S
20240321;100010;158.52;10;9914018223;S
20240321;100010;158.64;50;9914018228;B
20240321;100010;158.52;10;9914018235;S
20240321;100010;158.64;20;9914018396;B
20240321;100010;158.64;20;9914018569;B
20240321;100010;158.64;100;9914018623;B
20240321;100010;158.64;10;9914018626;B
20240321;100010;158.52;110;9914018627;S
20240321;100010;158.63;10;9914018632;B
20240321;100010;158.63;30;9914018641;B
20240321;100010;158.52;60;9914018792;S
20240321;100010;158.52;10;9914018793;S
20240321;100010;158.63;10;9914018839;B
20240321;100010;158.63;40;9914018935;B
20240321;100010;158.53;30;9914019072;S
20240321;100010;158.63;20;9914019073;B
20240321;100011;158.63;40;9914019196;B
20240321;100011;158.63;70;9914019288;B
20240321;100011;158.63;240;9914019289;B
20240321;100011;158.63;10;9914019687;B
20240321;100012;158.54;10;9914019930;S
20240321;100014;158.63;30;9914020482;B
20240321;100014;158.58;300;9914020503;S
20240321;100014;158.58;300;9914020582;S
20240321;100014;158.57;120;9914020583;S
20240321;100014;158.57;80;9914020584;S
20240321;100014;158.57;30;9914020585;S
20240321;100014;158.56;170;9914020586;S
20240321;100015;158.64;10;9914020950;B
20240321;100015;158.6;220;9914020986;B
20240321;100015;158.6;80;9914020987;S
20240321;100015;158.56;880;9914020988;S
20240321;100017;158.6;20;9914021459;S
20240321;100017;158.58;220;9914021471;B
20240321;100017;158.58;220;9914021472;S
20240321;100017;158.58;80;9914021473;S
20240321;100017;158.59;80;9914021474;B
20240321;100017;158.62;30;9914021591;B
20240321;100019;158.62;10;9914022471;B
20240321;100020;158.62;180;9914022652;B
20240321;100020;158.62;300;9914022653;B
20240321;100020;158.62;480;9914022654;B
20240321;100020;158.56;80;9914022805;S
20240321;100020;158.54;100;9914022813;S
20240321;100020;158.54;160;9914022814;S
20240321;100020;158.53;770;9914022815;S
20240321;100022;158.56;140;9914023319;S
20240321;100022;158.6;10;9914023408;B
20240321;100022;158.6;290;9914023507;B
20240321;100022;158.6;210;9914023508;B
20240321;100022;158.56;80;9914023618;S
20240321;100022;158.56;220;9914023644;S
20240321;100023;158.6;10;9914023812;B
20240321;100023;158.6;30;9914023813;B
20240321;100023;158.61;200;9914023845;B
20240321;100023;158.57;70;9914023964;S
20240321;100024;158.57;200;9914024279;B
20240321;100024;158.57;10;9914024395;B
20240321;100024;158.56;560;9914024402;S
20240321;100024;158.56;10;9914024403;S
20240321;100024;158.54;300;9914024404;S
20240321;100024;158.53;20;9914024405;S
20240321;100024;158.52;2200;9914024406;S
20240321;100024;158.51;10;9914024407;S
20240321;100024;158.51;10;9914024408;S
20240321;100024;158.51;30;9914024409;S
20240321;100024;158.5;1000;9914024410;S
20240321;100024;158.5;20;9914024411;S
20240321;100024;158.5;1000;9914024412;S
20240321;100024;158.5;10;9914024413;S
20240321;100024;158.5;10;9914024414;S
20240321;100024;158.5;20;9914024415;S
20240321;100024;158.48;890;9914024416;S
20240321;100024;158.47;910;9914024417;S
20240321;100024;158.48;100;9914024420;S
20240321;100024;158.48;100;9914024423;S
20240321;100025;158.56;1000;9914024548;B
20240321;100025;158.56;500;9914024549;B
20240321;100025;158.55;1000;9914024557;B
20240321;100025;158.55;1000;9914024564;B
20240321;100025;158.54;410;9914024575;B
20240321;100025;158.57;1000;9914024587;B
20240321;100025;158.57;1000;9914024593;B
20240321;100025;158.57;1000;9914024600;B
20240321;100025;158.53;600;9914024615;S
20240321;100025;158.54;1000;9914024621;S
20240321;100025;158.55;300;9914024622;S
20240321;100025;158.61;1000;9914024623;B
20240321;100025;158.55;300;9914024625;S
20240321;100025;158.55;100;9914024626;S
20240321;100025;158.6;1000;9914024627;B
20240321;100025;158.55;100;9914024628;S
20240321;100025;158.63;30;9914024629;B
20240321;100025;158.56;100;9914024635;B
20240321;100025;158.56;100;9914024639;B
20240321;100025;158.56;200;9914024644;B
20240321;100025;158.6;800;9914024645;B
20240321;100025;158.6;200;9914024646;B
20240321;100025;158.59;400;9914024665;B
20240321;100025;158.63;180;9914024683;B
20240321;100025;158.58;200;9914024765;S
20240321;100026;158.55;200;9914025034;B
20240321;100026;158.56;200;9914025038;S
20240321;100028;158.58;10;9914025732;B
20240321;100028;158.58;70;9914025783;B
20240321;100029;158.58;10;9914026113;B
20240321;100030;158.54;40;9914026406;S
20240321;100030;158.57;40;9914026415;B
20240321;100030;158.57;1000;9914026455;B
20240321;100030;158.57;1000;9914026456;B
20240321;100030;158.57;500;9914026461;B
20240321;100030;158.57;50;9914026571;B
20240321;100030;158.58;900;9914026665;B
20240321;100030;158.59;100;9914026669;B
20240321;100030;158.59;500;9914026670;B
20240321;100031;158.62;20;9914027060;B
20240321;100031;158.61;1000;9914027093;S
20240321;100031;158.61;10;9914027141;B
20240321;100034;158.61;60;9914027759;B
20240321;100034;158.6;100;9914027767;S
20240321;100034;158.61;2340;9914027825;B
20240321;100034;158.61;220;9914027826;B
20240321;100034;158.61;500;9914027827;B
20240321;100034;158.61;500;9914027828;B
20240321;100034;158.61;2500;9914027829;B
20240321;100034;158.61;400;9914027830;B
20240321;100034;158.61;10;9914027831;B
20240321;100034;158.62;200;9914027832;B
20240321;100034;158.63;40;9914027833;B
20240321;100034;158.64;220;9914027834;B
20240321;100034;158.64;300;9914027835;B
20240321;100034;158.64;2200;9914027836;B
20240321;100034;158.65;220;9914027837;B
20240321;100034;158.65;350;9914027838;B
20240321;100034;158.62;300;9914027841;S
20240321;100034;158.62;1000;9914027842;S
20240321;100034;158.62;500;9914027843;S
20240321;100034;158.63;300;9914027846;S
20240321;100034;158.63;200;9914027847;S
20240321;100034;158.63;500;9914027849;S
20240321;100035;158.66;10;9914028305;B
20240321;100037;158.63;200;9914028937;S
20240321;100037;158.66;10;9914029141;B
20240321;100039;158.61;60;9914029675;S
20240321;100041;158.66;10;9914030537;B
20240321;100042;158.66;10;9914030701;B
20240321;100042;158.66;10;9914030895;B
20240321;100043;158.61;120;9914031166;S
20240321;100044;158.61;820;9914031535;S
20240321;100044;158.61;180;9914031536;S
20240321;100044;158.66;60;9914031541;B
20240321;100044;158.66;110;9914031550;B
20240321;100044;158.66;890;9914031551;B
20240321;100044;158.66;50;9914031605;B
20240321;100044;158.63;400;9914031697;S
20240321;100046;158.66;90;9914032209;B
20240321;100047;158.66;130;9914032452;B
20240321;100047;158.67;10;9914032453;B
20240321;100047;158.67;220;9914032454;B
20240321;100047;158.67;10;9914032455;B
20240321;100047;158.68;10;9914032456;B
20240321;100047;158.68;220;9914032457;B
20240321;100047;158.68;750;9914032458;B
20240321;100047;158.67;220;9914032504;B
20240321;100047;158.68;250;9914032505;B
20240321;100047;158.68;30;9914032506;B
20240321;100047;158.63;80;9914032524;S
20240321;100048;158.63;520;9914032744;S
20240321;100048;158.63;300;9914032745;S
20240321;100048;158.62;350;9914032746;S
20240321;100048;158.64;1000;9914032985;B
20240321;100048;158.64;250;9914032986;B
20240321;100048;158.65;400;9914032989;S
20240321;100048;158.65;500;9914032990;S
20240321;100048;158.65;100;9914032991;S
20240321;100048;158.65;300;9914032992;S
20240321;100051;158.69;10;9914033732;B
20240321;100051;158.65;500;9914034025;S
20240321;100051;158.65;200;9914034026;S
20240321;100052;158.65;200;9914034047;S
20240321;100052;158.69;50;9914034228;B
20240321;100052;158.69;20;9914034235;B
20240321;100052;158.65;80;9914034263;S
20240321;100052;158.65;20;9914034400;S
20240321;100052;158.65;80;9914034401;S
20240321;100053;158.65;220;9914034402;S
20240321;100053;158.65;280;9914034403;S
20240321;100053;158.65;500;9914034404;S
20240321;100053;158.65;200;9914034405;S
20240321;100053;158.69;140;9914034521;B
20240321;100053;158.69;860;9914034522;B
20240321;100054;158.65;20;9914034660;S
20240321;100054;158.65;280;9914034661;B
20240321;100054;158.66;1000;9914034662;S
20240321;100054;158.66;300;9914034663;S
20240321;100054;158.66;1000;9914034664;B
20240321;100054;158.66;200;9914034665;B
20240321;100054;158.69;220;9914034720;B
20240321;100054;158.7;200;9914034721;B
20240321;100054;158.7;80;9914034722;B
20240321;100054;158.7;100;9914034723;B
20240321;100054;158.68;100;9914034727;S
20240321;100054;158.68;300;9914034730;S
20240321;100054;158.68;200;9914034731;S
20240321;100056;158.68;110;9914035187;S
20240321;100056;158.7;10;9914035232;B
20240321;100057;158.68;130;9914035405;S
20240321;100058;158.68;160;9914035573;S
20240321;100058;158.68;40;9914035574;B
20240321;100058;158.69;500;9914035576;S
20240321;100058;158.69;500;9914035577;S
20240321;100058;158.69;1000;9914035578;B
20240321;100058;158.68;500;9914035579;S
20240321;100058;158.68;500;9914035580;S
20240321;100058;158.68;500;9914035582;B
20240321;100058;158.68;500;9914035605;B
20240321;100058;158.7;110;9914035610;B
20240321;100058;158.71;250;9914035611;B
20240321;100058;158.7;200;9914035772;B
20240321;100058;158.7;20;9914035782;B
20240321;100058;158.7;570;9914035783;B
20240321;100059;158.68;300;9914035974;B
20240321;100100;158.68;200;9914036186;B
20240321;100100;158.68;160;9914036261;B
20240321;100100;158.67;10;9914036273;S
20240321;100101;158.68;300;9914036370;B
20240321;100101;158.68;1000;9914036376;B
20240321;100101;158.69;80;9914036558;B
20240321;100101;158.67;140;9914036656;S
20240321;100101;158.67;140;9914036666;S
20240321;100101;158.67;80;9914036714;S
20240321;100101;158.67;80;9914036721;S
20240321;100102;158.67;140;9914036757;S
20240321;100102;158.67;140;9914036817;S
20240321;100102;158.67;80;9914036860;S
20240321;100102;158.67;80;9914036861;S
20240321;100102;158.67;110;9914036940;S
20240321;100102;158.67;10;9914036941;S
20240321;100102;158.66;30;9914036942;S
20240321;100102;158.67;120;9914036965;S
20240321;100102;158.67;30;9914036970;S
20240321;100102;158.67;140;9914037048;S
20240321;100102;158.67;140;9914037056;S
20240321;100102;158.67;570;9914037081;S
20240321;100102;158.67;50;9914037082;S
20240321;100102;158.67;120;9914037087;B
20240321;100102;158.66;740;9914037090;S
20240321;100102;158.68;220;9914037190;B
20240321;100102;158.68;780;9914037191;B
20240321;100103;158.67;1000;9914037315;B
20240321;100103;158.67;300;9914037352;B
20240321;100104;158.67;50;9914037608;B
20240321;100106;158.66;230;9914038037;S
20240321;100106;158.66;100;9914038038;S
20240321;100106;158.66;220;9914038039;S
20240321;100106;158.65;100;9914038209;S
20240321;100107;158.65;200;9914038210;S
20240321;100107;158.65;300;9914038211;S
20240321;100107;158.65;300;9914038213;S
20240321;100107;158.65;60;9914038258;S
20240321;100107;158.65;60;9914038268;S
20240321;100107;158.65;70;9914038324;S
20240321;100107;158.65;70;9914038325;S
20240321;100108;158.66;70;9914038462;B
20240321;100108;158.65;140;9914038503;S
20240321;100108;158.65;210;9914038504;S
20240321;100108;158.65;350;9914038513;S
20240321;100109;158.66;1000;9914038830;B
20240321;100109;158.66;10;9914038864;B
20240321;100110;158.66;20;9914039028;B
20240321;100112;158.65;10;9914039524;S
20240321;100115;158.66;1000;9914040088;B
20240321;100116;158.65;430;9914040384;S
20240321;100116;158.65;1000;9914040385;S
20240321;100116;158.65;10;9914040386;S
20240321;100116;158.65;30;9914040387;S
20240321;100116;158.65;60;9914040388;S
20240321;100116;158.65;300;9914040389;S
20240321;100116;158.64;170;9914040390;S
20240321;100116;158.64;300;9914040395;S
20240321;100116;158.64;500;9914040398;S
20240321;100116;158.64;30;9914040399;S
20240321;100116;158.64;230;9914040400;S
20240321;100116;158.64;240;9914040401;B
20240321;100116;158.64;400;9914040402;B
20240321;100117;158.62;1000;9914040626;S
20240321;100117;158.64;220;9914040712;B
20240321;100117;158.64;300;9914040713;B
20240321;100117;158.65;230;9914040714;B
20240321;100118;158.64;40;9914040794;B
20240321;100118;158.64;260;9914040844;B
20240321;100118;158.64;140;9914040845;B
20240321;100120;158.64;20;9914041351;B
20240321;100121;158.62;10;9914041496;S
20240321;100122;158.64;60;9914041780;B
20240321;100122;158.64;300;9914041781;B
20240321;100122;158.64;640;9914041782;B
20240321;100123;158.62;80;9914041991;S
20240321;100123;158.62;180;9914042061;S
20240321;100126;158.64;10;9914042575;B
20240321;100128;158.62;70;9914043007;S
20240321;100132;158.64;1000;9914044151;B
20240321;100132;158.62;160;9914044152;S
20240321;100137;158.64;20;9914045141;B
20240321;100137;158.62;10;9914045169;S
20240321;100138;158.64;10;9914045400;B
20240321;100139;158.64;50;9914045638;B
20240321;100139;158.63;1190;9914045658;S
20240321;100139;158.63;1000;9914045659;S
20240321;100139;158.63;270;9914045660;S
20240321;100139;158.62;490;9914045661;S
20240321;100139;158.62;10;9914045662;S
20240321;100139;158.62;1000;9914045663;B
20240321;100139;158.62;1000;9914045664;B
20240321;100139;158.62;1000;9914045665;B
20240321;100139;158.62;1000;9914045666;B
20240321;100139;158.62;20;9914045691;B
20240321;100140;158.62;1000;9914045820;B
20240321;100140;158.62;1000;9914045821;B
20240321;100141;158.62;1000;9914045943;B
20240321;100141;158.61;80;9914045967;S
20240321;100141;158.62;20;9914045991;B
20240321;100141;158.62;10;9914045992;B
20240321;100142;158.63;220;9914046242;B
20240321;100142;158.63;780;9914046243;B
20240321;100144;158.63;30;9914046643;B
20240321;100146;158.63;10;9914047066;B
20240321;100148;158.63;10;9914047257;B
20240321;100148;158.62;200;9914047300;S
20240321;100149;158.63;10;9914047527;B
20240321;100149;158.62;1000;9914047688;S
20240321;100149;158.62;590;9914047689;S
20240321;100149;158.62;310;9914047690;S
20240321;100149;158.62;1000;9914047691;S
20240321;100151;158.62;60;9914047970;B
20240321;100152;158.62;1000;9914048098;B
20240321;100153;158.61;30;9914048403;S
20240321;100154;158.61;70;9914048576;S
20240321;100154;158.62;10;9914048619;B
20240321;100154;158.62;10;9914048622;B
20240321;100155;158.61;40;9914048807;S
20240321;100155;158.62;300;9914048818;B
20240321;100155;158.62;20;9914048889;B
20240321;100156;158.61;150;9914049100;S
20240321;100157;158.62;430;9914049113;B
20240321;100157;158.62;220;9914049114;B
20240321;100157;158.62;350;9914049115;B
20240321;100157;158.61;80;9914049200;S
20240321;100157;158.62;110;9914049249;B
20240321;100158;158.62;1000;9914049508;B
20240321;100159;158.62;10;9914049704;B
20240321;100202;158.61;550;9914050401;S
20240321;100202;158.61;100;9914050402;S
20240321;100202;158.61;270;9914050403;S
20240321;100202;158.61;300;9914050404;S
20240321;100202;158.61;960;9914050405;S
20240321;100202;158.61;1000;9914050406;B
20240321;100202;158.61;820;9914050407;B
20240321;100202;158.6;900;9914050420;S
20240321;100202;158.6;100;9914050421;S
20240321;100204;158.61;220;9914051107;B
20240321;100204;158.61;70;9914051108;B
20240321;100204;158.62;30;9914051109;B
20240321;100204;158.62;220;9914051110;B
20240321;100204;158.63;160;9914051111;B
20240321;100204;158.63;270;9914051112;B
20240321;100204;158.63;30;9914051113;B
20240321;100204;158.6;530;9914051152;S
20240321;100206;158.62;30;9914051549;B
20240321;100206;158.62;10;9914051593;B
20240321;100206;158.62;20;9914051653;B
20240321;100206;158.6;100;9914051660;S
20240321;100207;158.61;70;9914051880;S
20240321;100207;158.61;200;9914051933;S
20240321;100207;158.61;100;9914051934;S
20240321;100208;158.62;160;9914052017;B
20240321;100208;158.62;1340;9914052018;B
20240321;100210;158.62;130;9914052412;B
20240321;100210;158.62;90;9914052438;B
20240321;100210;158.63;220;9914052439;B
20240321;100210;158.63;260;9914052440;B
20240321;100210;158.64;220;9914052441;B
20240321;100210;158.64;10;9914052442;B
20240321;100210;158.64;200;9914052443;B
20240321;100212;158.63;10;9914052904;S
20240321;100212;158.64;10;9914052954;B
20240321;100213;158.64;10;9914053331;B
20240321;100215;158.63;10;9914053615;S
20240321;100215;158.63;980;9914053702;S
20240321;100215;158.63;400;9914053703;S
20240321;100215;158.62;260;9914053827;S
20240321;100215;158.62;260;9914053828;S
20240321;100216;158.62;740;9914053926;S
20240321;100216;158.62;10;9914053927;S
20240321;100216;158.62;700;9914053928;S
20240321;100216;158.63;1000;9914053979;S
20240321;100217;158.63;1000;9914054204;S
20240321;100217;158.62;830;9914054205;S
20240321;100217;158.62;440;9914054243;S
20240321;100217;158.62;560;9914054301;S
20240321;100217;158.62;940;9914054302;S
20240321;100218;158.62;30;9914054535;S
20240321;100219;158.62;80;9914054627;S
20240321;100220;158.62;890;9914054945;S
20240321;100220;158.62;20;9914054946;S
20240321;100221;158.61;770;9914055075;S
20240321;100221;158.62;80;9914055094;B
20240321;100221;158.61;70;9914055362;S
20240321;100222;158.62;120;9914055559;B
20240321;100226;158.62;20;9914056599;B
20240321;100227;158.61;60;9914056655;S
20240321;100227;158.61;10;9914056656;S
20240321;100228;158.61;70;9914056935;S
20240321;100228;158.62;10;9914057054;B
20240321;100229;158.62;90;9914057222;B
20240321;100229;158.62;10;9914057223;B
20240321;100229;158.62;220;9914057224;B
20240321;100229;158.62;300;9914057225;B
20240321;100229;158.62;10;9914057226;B
20240321;100229;158.63;220;9914057227;B
20240321;100229;158.63;150;9914057228;B
20240321;100229;158.63;30;9914057231;B
20240321;100231;158.62;20;9914057642;S
20240321;100231;158.62;80;9914057756;S
20240321;100232;158.62;350;9914058067;S
20240321;100233;158.63;10;9914058136;B
20240321;100233;158.62;70;9914058223;S
20240321;100236;158.62;70;9914059041;S
20240321;100236;158.62;50;9914059160;S
20240321;100240;158.62;70;9914060018;S
20240321;100240;158.62;60;9914060129;S
20240321;100241;158.62;30;9914060373;S
20240321;100241;158.62;70;9914060397;S
20240321;100241;158.62;50;9914060410;S
20240321;100241;158.63;180;9914060490;B
20240321;100241;158.63;10;9914060491;B
20240321;100241;158.63;20;9914060492;B
20240321;100241;158.64;200;9914060493;B
20240321;100241;158.64;10;9914060494;B
20240321;100241;158.64;10;9914060495;B
20240321;100241;158.64;150;9914060496;B
20240321;100241;158.64;300;9914060497;B
20240321;100241;158.65;70;9914060498;B
20240321;100241;158.65;220;9914060499;B
20240321;100241;158.65;220;9914060500;B
20240321;100241;158.65;20;9914060501;B
20240321;100241;158.65;10;9914060502;B
20240321;100241;158.65;70;9914060503;B
20240321;100241;158.65;50;9914060504;B
20240321;100241;158.65;220;9914060505;B
20240321;100241;158.65;520;9914060506;B
20240321;100241;158.65;500;9914060507;B
20240321;100241;158.65;10;9914060508;B
20240321;100241;158.66;220;9914060509;B
20240321;100241;158.66;6990;9914060510;B
20240321;100241;158.65;60;9914060553;B
20240321;100242;158.62;80;9914060730;S
20240321;100242;158.62;10;9914060731;S
20240321;100242;158.62;10;9914060732;S
20240321;100242;158.62;50;9914060733;S
20240321;100242;158.61;70;9914060734;S
20240321;100242;158.61;10;9914060735;S
20240321;100242;158.65;10;9914060787;B
20240321;100243;158.64;1000;9914060892;S
20240321;100244;158.64;70;9914061193;S
20240321;100245;158.64;930;9914061482;S
20240321;100245;158.63;70;9914061483;S
20240321;100245;158.63;1000;9914061484;S
20240321;100245;158.63;260;9914061485;S
20240321;100245;158.63;200;9914061486;S
20240321;100245;158.62;180;9914061488;S
20240321;100246;158.62;70;9914061684;S
20240321;100246;158.62;70;9914061690;S
20240321;100246;158.62;220;9914061718;S
20240321;100246;158.62;220;9914061723;S
20240321;100247;158.63;10;9914061961;B
20240321;100248;158.63;10;9914062159;B
20240321;100249;158.63;60;9914062494;B
20240321;100251;158.62;80;9914062762;S
20240321;100251;158.62;80;9914062764;S
20240321;100251;158.62;80;9914062800;S
20240321;100251;158.62;90;9914062801;S
20240321;100251;158.62;40;9914062802;S
20240321;100251;158.62;10;9914062803;S
20240321;100251;158.62;40;9914062808;S
20240321;100251;158.62;60;9914062930;B
20240321;100251;158.61;10;9914062960;S
20240321;100251;158.61;170;9914062961;S
20240321;100251;158.62;30;9914062982;B
20240321;100252;158.62;50;9914063103;B
20240321;100252;158.61;70;9914063266;S
20240321;100252;158.61;590;9914063309;S
20240321;100253;158.61;80;9914063467;S
20240321;100253;158.62;220;9914063589;B
20240321;100253;158.62;1780;9914063590;B
20240321;100253;158.62;10;9914063591;B
20240321;100254;158.61;70;9914063728;S
20240321;100254;158.62;30;9914063761;B
20240321;100254;158.61;20;9914063768;S
20240321;100254;158.61;260;9914063769;S
20240321;100254;158.61;20;9914063770;S
20240321;100254;158.61;510;9914063771;S
20240321;100254;158.61;10;9914063827;S
20240321;100255;158.62;190;9914063951;B
20240321;100255;158.62;2500;9914063952;B
20240321;100255;158.62;300;9914063953;B
20240321;100257;158.62;10;9914064305;S
20240321;100257;158.62;1100;9914064390;S
20240321;100257;158.62;80;9914064423;S
20240321;100257;158.63;120;9914064475;B
20240321;100257;158.62;510;9914064529;S
20240321;100257;158.62;300;9914064567;S
20240321;100257;158.63;200;9914064659;B
20240321;100257;158.62;1010;9914064682;S
20240321;100257;158.62;1000;9914064683;S
20240321;100257;158.62;10;9914064684;S
20240321;100257;158.61;480;9914064685;S
20240321;100257;158.61;260;9914064686;S
20240321;100258;158.61;10;9914064714;B
20240321;100258;158.6;270;9914065235;S
20240321;100258;158.6;300;9914065236;S
20240321;100258;158.6;1830;9914065245;S
20240321;100259;158.61;210;9914065394;B
20240321;100259;158.61;260;9914065395;B
20240321;100259;158.61;220;9914065396;B
20240321;100259;158.61;310;9914065397;B
20240321;100300;158.61;30;9914065482;B
20240321;100300;158.61;130;9914065498;B
20240321;100300;158.6;10;9914065513;S
20240321;100301;158.61;20;9914065681;B
20240321;100301;158.61;10;9914065687;B
20240321;100301;158.61;10;9914065688;B
20240321;100302;158.61;210;9914065863;B
20240321;100302;158.61;10;9914065864;B
20240321;100303;158.61;490;9914066230;B
20240321;100303;158.61;500;9914066231;B
20240321;100303;158.61;10;9914066232;B
20240321;100303;158.61;120;9914066238;B
20240321;100304;158.6;30;9914066433;S
20240321;100305;158.61;20;9914066550;B
20240321;100306;158.61;70;9914066896;B
20240321;100306;158.62;30;9914066897;B
20240321;100306;158.61;200;9914066978;B
20240321;100307;158.61;10;9914067152;B
20240321;100308;158.6;630;9914067204;S
20240321;100308;158.6;10;9914067205;S
20240321;100308;158.6;10;9914067206;S
20240321;100308;158.6;20;9914067207;S
20240321;100308;158.6;10;9914067208;S
20240321;100308;158.6;200;9914067209;S
20240321;100308;158.6;1000;9914067210;S
20240321;100308;158.6;10;9914067211;S
20240321;100308;158.6;10;9914067274;B
20240321;100308;158.6;10;9914067297;B
20240321;100309;158.59;1000;9914067512;S
20240321;100309;158.59;260;9914067513;S
20240321;100309;158.58;1000;9914067514;S
20240321;100309;158.57;1000;9914067515;S
20240321;100309;158.56;1000;9914067516;S
20240321;100309;158.56;740;9914067517;S
20240321;100310;158.58;220;9914067687;B
20240321;100310;158.59;680;9914067688;B
20240321;100311;158.58;20;9914068027;B
20240321;100312;158.58;40;9914068097;B
20240321;100312;158.58;20;9914068211;B
20240321;100312;158.58;10;9914068234;B
20240321;100313;158.58;20;9914068373;B
20240321;100314;158.58;10;9914068584;B
20240321;100315;158.56;1000;9914068828;S
20240321;100315;158.56;10;9914068849;B
20240321;100320;158.56;10;9914069750;B
20240321;100323;158.56;170;9914070274;B
20240321;100325;158.56;320;9914070717;B
20240321;100325;158.56;220;9914070718;B
20240321;100325;158.56;500;9914070719;B
20240321;100325;158.55;10;9914070838;S
20240321;100325;158.55;250;9914070839;S
20240321;100325;158.55;260;9914070840;S
20240321;100325;158.55;160;9914070841;S
20240321;100325;158.55;50;9914070842;S
20240321;100325;158.54;2200;9914070843;S
20240321;100325;158.53;590;9914070844;S
20240321;100325;158.53;300;9914070845;S
20240321;100325;158.52;1000;9914070846;S
20240321;100325;158.52;830;9914070847;S
20240321;100325;158.56;20;9914070848;B
20240321;100326;158.56;20;9914070872;B
20240321;100328;158.56;10;9914071309;B
20240321;100328;158.56;70;9914071351;B
20240321;100330;158.56;10;9914071653;B
20240321;100332;158.56;10;9914071845;B
20240321;100334;158.56;80;9914072207;B
20240321;100334;158.57;260;9914072208;B
20240321;100334;158.57;220;9914072209;B
20240321;100334;158.57;500;9914072210;B
20240321;100334;158.58;100;9914072211;B
20240321;100334;158.58;500;9914072212;B
20240321;100334;158.58;10;9914072213;B
20240321;100334;158.58;300;9914072214;B
20240321;100334;158.59;30;9914072215;B
20240321;100334;158.59;10;9914072226;B
20240321;100334;158.53;10;9914072239;S
20240321;100335;158.52;10;9914072336;S
20240321;100337;158.53;60;9914072686;S
20240321;100337;158.53;260;9914072687;S
20240321;100337;158.52;660;9914072688;S
20240321;100337;158.52;20;9914072689;S
20240321;100341;158.54;220;9914073564;S
20240321;100341;158.53;40;9914073565;S
20240321;100341;158.53;240;9914073566;S
20240321;100341;158.53;10;9914073621;S
20240321;100344;158.59;60;9914073969;B
20240321;100347;158.52;250;9914074540;S
20240321;100347;158.52;100;9914074541;S
20240321;100347;158.59;10;9914074560;B
20240321;100348;158.59;110;9914074699;B
20240321;100348;158.59;20;9914074700;B
20240321;100348;158.59;20;9914074701;B
20240321;100348;158.59;300;9914074702;B
20240321;100348;158.6;220;9914074703;B
20240321;100348;158.6;500;9914074704;B
20240321;100348;158.6;250;9914074705;B
20240321;100348;158.61;10;9914074706;B
20240321;100348;158.61;2810;9914074707;B
20240321;100348;158.61;1390;9914074708;B
20240321;100350;158.6;200;9914075150;B
20240321;100351;158.53;10;9914075248;S
20240321;100351;158.6;100;9914075319;B
20240321;100351;158.6;160;9914075320;B
20240321;100354;158.6;40;9914075887;B
20240321;100356;158.53;70;9914076258;S
20240321;100356;158.55;20;9914076337;B
20240321;100357;158.55;30;9914076506;B
20240321;100357;158.52;10;9914076580;S
20240321;100359;158.55;100;9914076877;B
20240321;100404;158.52;50;9914078103;S
20240321;100404;158.55;70;9914078124;B
20240321;100404;158.55;10;9914078125;B
20240321;100404;158.56;10;9914078126;B
20240321;100404;158.56;80;9914078127;B
20240321;100404;158.51;30;9914078129;S
20240321;100404;158.52;1000;9914078180;B
20240321;100404;158.52;200;9914078181;B
20240321;100405;158.51;10;9914078224;S
20240321;100406;158.52;20;9914078537;B
20240321;100406;158.52;920;9914078538;B
20240321;100406;158.53;220;9914078539;B
20240321;100406;158.54;220;9914078540;B
20240321;100406;158.54;240;9914078541;B
20240321;100406;158.55;220;9914078542;B
20240321;100406;158.56;140;9914078543;B
20240321;100406;158.56;300;9914078544;B
20240321;100406;158.57;220;9914078545;B
20240321;100406;158.57;80;9914078546;B
20240321;100406;158.58;220;9914078547;B
20240321;100406;158.59;220;9914078548;B
20240321;100406;158.6;20;9914078549;B
20240321;100406;158.6;1660;9914078550;B
20240321;100406;158.61;300;9914078551;B
20240321;100407;158.52;260;9914078595;S
20240321;100407;158.6;10;9914078663;B
20240321;100408;158.58;10;9914078823;B
20240321;100409;158.52;30;9914078974;S
20240321;100410;158.52;10;9914079163;S
20240321;100411;158.52;10;9914079420;S
20240321;100411;158.54;10;9914079567;B
20240321;100414;158.54;10;9914080157;B
20240321;100415;158.54;200;9914080213;B
20240321;100415;158.55;40;9914080214;B
20240321;100415;158.52;240;9914080349;S
20240321;100415;158.52;300;9914080350;S
20240321;100415;158.51;50;9914080351;S
20240321;100415;158.51;240;9914080352;S
20240321;100415;158.5;10;9914080438;S
20240321;100415;158.5;10;9914080439;S
20240321;100415;158.5;10;9914080440;S
20240321;100415;158.5;10;9914080441;S
20240321;100415;158.5;30;9914080442;S
20240321;100415;158.5;10;9914080443;S
20240321;100415;158.5;100;9914080444;S
20240321;100415;158.5;10;9914080445;S
20240321;100415;158.5;10;9914080446;S
20240321;100415;158.5;10;9914080447;S
20240321;100415;158.5;210;9914080448;S
20240321;100416;158.52;10;9914080635;B
20240321;100416;158.5;10;9914080673;S
20240321;100416;158.52;50;9914080675;B
20240321;100416;158.5;70;9914080722;S
20240321;100416;158.52;160;9914080772;B
20240321;100416;158.53;240;9914080773;B
20240321;100416;158.53;220;9914080774;B
20240321;100416;158.54;220;9914080775;B
20240321;100416;158.54;160;9914080776;S
20240321;100417;158.54;50;9914080822;B
20240321;100417;158.54;40;9914080824;B
20240321;100418;158.5;10;9914081059;S
20240321;100418;158.5;50;9914081187;S
20240321;100419;158.54;130;9914081292;B
20240321;100419;158.54;80;9914081293;B
20240321;100420;158.54;30;9914081644;B
20240321;100422;158.51;300;9914082103;S
20240321;100422;158.5;370;9914082141;S
20240321;100422;158.51;50;9914082305;B
20240321;100425;158.51;20;9914082802;B
20240321;100426;158.5;60;9914082949;S
20240321;100426;158.51;150;9914082995;B
20240321;100426;158.51;70;9914082996;S
20240321;100426;158.51;80;9914082997;S
20240321;100426;158.5;2060;9914082998;S
20240321;100427;158.51;220;9914083150;B
20240321;100427;158.51;10;9914083151;B
20240321;100427;158.52;220;9914083152;B
20240321;100427;158.52;240;9914083153;B
20240321;100427;158.52;100;9914083154;B
20240321;100427;158.53;220;9914083155;B
20240321;100427;158.53;210;9914083156;B
20240321;100427;158.54;190;9914083157;B
20240321;100427;158.54;20;9914083158;B
20240321;100427;158.54;70;9914083159;B
20240321;100428;158.5;1160;9914083346;S
20240321;100428;158.5;700;9914083347;S
20240321;100428;158.5;10;9914083348;S
20240321;100428;158.5;130;9914083349;S
20240321;100429;158.53;20;9914083545;B
20240321;100429;158.5;70;9914083615;S
20240321;100429;158.53;200;9914083746;B
20240321;100429;158.54;330;9914083747;B
20240321;100429;158.54;220;9914083748;B
20240321;100429;158.55;260;9914083749;B
20240321;100429;158.55;220;9914083750;B
20240321;100429;158.55;90;9914083751;B
20240321;100429;158.55;240;9914083752;B
20240321;100429;158.55;300;9914083753;B
20240321;100429;158.56;220;9914083754;B
20240321;100429;158.56;70;9914083755;B
20240321;100429;158.57;220;9914083756;B
20240321;100429;158.58;100;9914083757;B
20240321;100430;158.5;30;9914083951;S
20240321;100430;158.5;10;9914083952;S
20240321;100430;158.5;10;9914083953;S
20240321;100430;158.49;20;9914083958;S
20240321;100430;158.49;20;9914083985;S
20240321;100430;158.53;100;9914084017;B
20240321;100431;158.53;10;9914084041;B
20240321;100432;158.49;150;9914084203;S
20240321;100432;158.49;80;9914084206;S
20240321;100432;158.5;10;9914084228;B
20240321;100433;158.5;10;9914084354;B
20240321;100433;158.5;220;9914084386;B
20240321;100436;158.5;10;9914084835;B
20240321;100436;158.5;100;9914084880;B
20240321;100436;158.5;10;9914084916;B
20240321;100438;158.49;540;9914085190;S
20240321;100439;158.5;1770;9914085414;B
20240321;100439;158.5;220;9914085415;B
20240321;100442;158.5;20;9914086293;S
20240321;100443;158.5;100;9914086669;S
20240321;100443;158.49;110;9914086670;S
20240321;100444;158.51;10;9914086702;B
20240321;100445;158.5;80;9914086972;S
20240321;100445;158.49;920;9914086973;S
20240321;100445;158.49;1160;9914087035;S
20240321;100445;158.49;240;9914087036;S
20240321;100445;158.47;300;9914087037;S
20240321;100445;158.45;100;9914087038;S
20240321;100445;158.45;40;9914087039;S
20240321;100445;158.45;300;9914087040;S
20240321;100445;158.44;10;9914087041;S
20240321;100445;158.44;3800;9914087042;S
20240321;100445;158.44;500;9914087043;S
20240321;100445;158.44;800;9914087044;S
20240321;100445;158.44;50;9914087045;S
20240321;100445;158.44;3590;9914087046;S
20240321;100445;158.43;4990;9914087047;S
20240321;100447;158.49;90;9914087446;B
20240321;100448;158.49;130;9914087705;B
20240321;100448;158.49;300;9914087706;B
20240321;100448;158.5;70;9914087707;B
20240321;100448;158.5;130;9914087708;B
20240321;100449;158.49;10;9914087716;B
20240321;100449;158.49;10;9914087753;B
20240321;100449;158.45;10;9914087758;S
20240321;100449;158.43;10;9914087759;S
20240321;100449;158.43;100;9914087760;S
20240321;100449;158.43;230;9914087761;S
20240321;100449;158.43;50;9914087762;S
20240321;100449;158.49;200;9914087780;B
20240321;100449;158.5;20;9914087781;B
20240321;100449;158.43;10;9914087848;S
20240321;100450;158.49;220;9914087971;B
20240321;100450;158.5;70;9914087972;B
20240321;100450;158.5;230;9914087973;B
20240321;100450;158.5;30;9914087974;B
20240321;100453;158.49;10;9914088326;B
20240321;100455;158.49;210;9914088747;B
20240321;100455;158.49;270;9914088748;S
20240321;100457;158.49;200;9914089121;S
20240321;100500;158.5;10;9914089670;B
20240321;100502;158.5;100;9914090040;B
20240321;100503;158.49;60;9914090244;S
20240321;100503;158.5;110;9914090293;B
20240321;100503;158.5;10;9914090294;B
20240321;100503;158.5;380;9914090295;B
20240321;100505;158.5;1000;9914090604;B
20240321;100505;158.5;50;9914090605;B
20240321;100505;158.5;220;9914090606;B
20240321;100506;158.49;70;9914090797;S
20240321;100506;158.5;2710;9914090840;B
20240321;100506;158.5;220;9914090841;B
20240321;100506;158.5;530;9914090879;S
20240321;100511;158.5;2220;9914091916;S
20240321;100513;158.51;160;9914092464;B
20240321;100514;158.51;50;9914092691;B
20240321;100516;158.5;460;9914092919;S
20240321;100516;158.51;30;9914092980;B
20240321;100518;158.53;10;9914093405;S
20240321;100518;158.54;10;9914093499;B
20240321;100518;158.54;40;9914093534;B
20240321;100519;158.52;630;9914093704;S
20240321;100520;158.52;10;9914093927;B
20240321;100521;158.52;10;9914094071;B
20240321;100521;158.51;100;9914094121;S
20240321;100522;158.51;10;9914094352;S
20240321;100523;158.52;200;9914094565;B
20240321;100524;158.51;170;9914094910;S
20240321;100524;158.51;1000;9914094911;S
20240321;100524;158.51;1000;9914094913;S
20240321;100524;158.51;10;9914094914;S
20240321;100524;158.5;160;9914094915;S
20240321;100524;158.52;210;9914094994;B
20240321;100528;158.52;10;9914095947;B
20240321;100528;158.53;230;9914095948;B
20240321;100528;158.53;60;9914095949;B
20240321;100528;158.5;300;9914095969;S
20240321;100529;158.53;20;9914096128;S
20240321;100529;158.5;40;9914096129;S
20240321;100530;158.56;220;9914096271;B
20240321;100530;158.57;220;9914096272;B
20240321;100530;158.57;230;9914096273;B
20240321;100530;158.57;300;9914096274;B
20240321;100530;158.58;30;9914096275;B
20240321;100535;158.52;10;9914097343;B
20240321;100537;158.52;10;9914097717;B
20240321;100538;158.52;10;9914097835;B
20240321;100540;158.52;10;9914098316;B
20240321;100541;158.52;10;9914098458;B
20240321;100541;158.51;60;9914098504;S
20240321;100541;158.51;2000;9914098505;S
20240321;100541;158.51;60;9914098506;S
20240321;100541;158.5;880;9914098507;S
20240321;100542;158.51;10;9914098702;B
20240321;100545;158.51;20;9914098950;B
20240321;100545;158.51;20;9914099039;B
20240321;100547;158.51;10;9914099346;B
20240321;100550;158.51;10;9914099758;B
20240321;100552;158.51;150;9914099994;B
20240321;100552;158.51;1900;9914099995;B
20240321;100552;158.51;300;9914099996;B
20240321;100552;158.51;1000;9914099997;B
20240321;100552;158.52;10650;9914099998;B
20240321;100552;158.5;70;9914100039;S
20240321;100552;158.5;500;9914100099;S
20240321;100552;158.5;1170;9914100171;S
20240321;100553;158.5;20;9914100303;S
20240321;100554;158.51;150;9914100534;B
20240321;100555;158.51;40;9914100649;B
20240321;100556;158.51;10;9914100798;B
20240321;100556;158.51;20;9914100852;B
20240321;100556;158.51;10;9914100853;B
20240321;100557;158.51;90;9914100935;B
20240321;100557;158.51;30;9914100988;B
20240321;100557;158.51;10;9914101062;B
20240321;100558;158.51;160;9914101154;B
20240321;100558;158.51;220;9914101155;B
20240321;100558;158.52;1800;9914101156;B
20240321;100558;158.52;20;9914101157;B
20240321;100558;158.51;220;9914101234;B
20240321;100559;158.51;20;9914101422;S
20240321;100559;158.52;10;9914101442;B
20240321;100559;158.51;110;9914101480;S
20240321;100601;158.51;890;9914101749;S
20240321;100601;158.51;10;9914101750;S
20240321;100601;158.5;470;9914101751;S
20240321;100601;158.51;160;9914101947;B
20240321;100602;158.51;10;9914102058;B
20240321;100603;158.51;10;9914102262;B
20240321;100606;158.5;30;9914102711;S
20240321;100608;158.51;40;9914103278;B
20240321;100609;158.5;220;9914103527;S
20240321;100609;158.5;10;9914103528;S
20240321;100609;158.5;10;9914103529;S
20240321;100609;158.5;110;9914103530;S
20240321;100609;158.5;350;9914103562;S
20240321;100612;158.51;20;9914104253;B
20240321;100613;158.51;220;9914104520;B
20240321;100613;158.51;1000;9914104521;B
20240321;100613;158.51;800;9914104522;B
20240321;100613;158.51;980;9914104523;B
20240321;100614;158.51;10;9914104694;B
20240321;100614;158.51;10;9914104819;B
20240321;100614;158.51;140;9914104820;B
20240321;100615;158.51;10;9914104924;B
20240321;100615;158.51;20;9914104976;B
20240321;100615;158.51;410;9914104988;B
20240321;100616;158.51;400;9914105116;B
20240321;100618;158.51;10;9914105405;B
20240321;100619;158.51;10;9914105584;B
20240321;100619;158.51;1180;9914105672;B
20240321;100620;158.51;20;9914105793;B
20240321;100620;158.5;1240;9914105805;S
20240321;100620;158.51;10;9914105847;B
20240321;100622;158.51;60;9914106147;B
20240321;100622;158.5;520;9914106156;S
20240321;100622;158.5;20;9914106157;S
20240321;100622;158.5;20;9914106158;S
20240321;100622;158.49;190;9914106159;S
20240321;100622;158.49;250;9914106160;S
20240321;100622;158.49;10;9914106161;S
20240321;100622;158.47;10;9914106162;S
20240321;100622;158.47;150;9914106163;S
20240321;100622;158.45;40;9914106244;S
20240321;100622;158.45;20;9914106245;S
20240321;100622;158.45;10;9914106246;S
20240321;100622;158.44;10;9914106256;S
20240321;100622;158.43;40;9914106257;S
20240321;100622;158.43;100;9914106258;S
20240321;100622;158.43;10;9914106321;B
20240321;100622;158.42;10;9914106322;S
20240321;100622;158.42;50;9914106323;S
20240321;100622;158.42;10;9914106324;S
20240321;100622;158.42;100;9914106325;S
20240321;100622;158.42;10;9914106326;S
20240321;100622;158.42;10;9914106327;S
20240321;100622;158.42;100;9914106328;S
20240321;100622;158.42;30;9914106329;S
20240321;100622;158.42;40;9914106330;S
20240321;100622;158.42;20;9914106331;S
20240321;100622;158.42;20;9914106332;S
20240321;100622;158.42;20;9914106333;S
20240321;100622;158.42;20;9914106334;S
20240321;100622;158.42;20;9914106335;S
20240321;100622;158.42;480;9914106336;S
20240321;100626;158.43;20;9914107064;B
20240321;100626;158.43;200;9914107094;B
20240321;100626;158.43;800;9914107095;B
20240321;100626;158.44;240;9914107096;B
20240321;100626;158.44;220;9914107097;B
20240321;100626;158.44;800;9914107098;B
20240321;100626;158.45;220;9914107099;B
20240321;100626;158.46;220;9914107100;B
20240321;100626;158.47;220;9914107101;B
20240321;100626;158.48;220;9914107102;B
20240321;100626;158.48;300;9914107103;B
20240321;100626;158.49;220;9914107104;B
20240321;100626;158.5;220;9914107105;B
20240321;100626;158.5;1900;9914107106;B
20240321;100626;158.5;800;9914107107;B
20240321;100626;158.5;710;9914107108;S
20240321;100629;158.51;20;9914107683;B
20240321;100630;158.51;10;9914107819;B
20240321;100631;158.51;30;9914108032;B
20240321;100631;158.51;670;9914108046;B
20240321;100633;158.51;200;9914108371;B
20240321;100633;158.51;220;9914108372;B
20240321;100633;158.51;3240;9914108373;B
20240321;100633;158.51;500;9914108374;B
20240321;100633;158.52;190;9914108375;B
20240321;100633;158.52;1500;9914108376;B
20240321;100633;158.52;240;9914108377;B
20240321;100633;158.53;220;9914108378;B
20240321;100633;158.54;220;9914108379;B
20240321;100633;158.55;220;9914108380;B
20240321;100633;158.55;500;9914108381;B
20240321;100633;158.56;220;9914108382;B
20240321;100633;158.56;1850;9914108383;B
20240321;100633;158.56;300;9914108384;B
20240321;100633;158.57;220;9914108385;B
20240321;100633;158.57;160;9914108386;B
20240321;100633;158.51;300;9914108465;S
20240321;100633;158.51;240;9914108466;S
20240321;100633;158.51;20;9914108467;S
20240321;100634;158.5;600;9914108523;S
20240321;100634;158.5;80;9914108849;S
20240321;100635;158.5;120;9914108966;S
20240321;100635;158.5;20;9914108986;S
20240321;100635;158.5;120;9914109065;S
20240321;100635;158.5;120;9914109166;S
20240321;100636;158.5;110;9914109264;S
20240321;100639;158.51;10;9914109968;B
20240321;100639;158.5;20;9914109989;S
20240321;100639;158.5;140;9914110059;S
20240321;100640;158.51;100;9914110161;B
20240321;100643;158.51;20;9914110841;B
20240321;100643;158.5;570;9914110920;S
20240321;100644;158.51;10;9914111208;B
20240321;100645;158.51;10;9914111251;B
20240321;100645;158.51;10;9914111325;B
20240321;100645;158.51;10;9914111330;B
20240321;100646;158.51;50;9914111625;B
20240321;100646;158.51;10;9914111626;B
20240321;100649;158.51;10;9914112533;B
20240321;100650;158.51;980;9914112769;B
20240321;100650;158.51;800;9914112770;B
20240321;100650;158.51;250;9914112771;B
20240321;100650;158.51;970;9914112772;B
20240321;100651;158.51;1230;9914112935;B
20240321;100651;158.51;220;9914112936;B
20240321;100651;158.51;1000;9914112937;B
20240321;100651;158.51;800;9914112938;B
20240321;100651;158.52;220;9914112939;B
20240321;100651;158.52;260;9914112940;B
20240321;100651;158.53;220;9914112941;B
20240321;100651;158.53;1900;9914112942;B
20240321;100651;158.53;300;9914112943;B
20240321;100651;158.54;220;9914112944;B
20240321;100651;158.55;220;9914112945;B
20240321;100651;158.55;60;9914112946;B
20240321;100651;158.56;220;9914112947;B
20240321;100651;158.57;3130;9914112948;B
20240321;100651;158.51;60;9914112958;B
20240321;100653;158.51;10;9914113328;B
20240321;100654;158.5;10;9914113542;S
20240321;100654;158.51;10;9914113566;B
20240321;100656;158.51;140;9914113819;B
20240321;100656;158.51;1000;9914113820;B
20240321;100656;158.51;260;9914113821;B
20240321;100656;158.52;1000;9914113822;B
20240321;100656;158.52;100;9914113823;B
20240321;100658;158.52;20;9914114074;B
20240321;100658;158.52;40;9914114106;B
20240321;100658;158.51;260;9914114133;S
20240321;100658;158.51;10;9914114134;S
20240321;100658;158.5;800;9914114135;S
20240321;100658;158.5;460;9914114136;S
20240321;100658;158.51;120;9914114185;B
20240321;100659;158.5;40;9914114323;S
20240321;100701;158.51;220;9914114500;B
20240321;100701;158.5;120;9914114591;S
20240321;100702;158.51;30;9914114741;B
20240321;100702;158.51;10;9914114872;B
20240321;100704;158.5;10;9914115169;S
20240321;100705;158.51;70;9914115308;B
20240321;100706;158.51;40;9914115466;B
20240321;100707;158.5;40;9914115631;S
20240321;100710;158.51;10;9914116370;B
20240321;100710;158.51;100;9914116393;B
20240321;100710;158.51;260;9914116394;B
20240321;100710;158.51;800;9914116395;B
20240321;100710;158.51;1000;9914116396;B
20240321;100710;158.51;2200;9914116397;B
20240321;100710;158.51;4640;9914116398;B
20240321;100711;158.51;20;9914116470;B
20240321;100715;158.51;10;9914117084;B
20240321;100716;158.5;20;9914117358;S
20240321;100716;158.5;20;9914117362;S
20240321;100717;158.51;20;9914117506;B
20240321;100721;158.51;130;9914118168;B
20240321;100725;158.51;40;9914118612;B
20240321;100726;158.5;40;9914118924;S
20240321;100726;158.5;40;9914118953;S
20240321;100728;158.51;30;9914119213;B
20240321;100729;158.51;300;9914119311;B
20240321;100733;158.5;70;9914119978;S
20240321;100734;158.51;20;9914120163;B
20240321;100734;158.51;500;9914120204;B
20240321;100735;158.5;20;9914120405;S
20240321;100736;158.5;1260;9914120537;S
20240321;100736;158.51;10;9914120557;B
20240321;100737;158.51;100;9914120633;B
20240321;100737;158.51;100;9914120644;B
20240321;100737;158.51;100;9914120655;B
20240321;100737;158.51;60;9914120664;B
20240321;100739;158.51;20;9914121151;B
20240321;100743;158.51;10;9914121895;B
20240321;100745;158.5;580;9914122066;S
20240321;100746;158.5;200;9914122217;S
20240321;100746;158.5;100;9914122231;S
20240321;100748;158.51;130;9914122591;B
20240321;100749;158.51;10;9914122663;B
20240321;100753;158.5;250;9914123550;S
20240321;100755;158.51;10;9914123759;B
20240321;100755;158.51;80;9914123764;B
20240321;100801;158.5;10;9914124594;S
20240321;100802;158.51;40;9914124645;B
20240321;100802;158.51;30;9914124732;B
20240321;100804;158.5;500;9914125068;S
20240321;100805;158.51;10;9914125248;B
20240321;100808;158.5;1220;9914125673;S
20240321;100808;158.5;70;9914125674;S
20240321;100808;158.5;50;9914125675;S
20240321;100808;158.5;20;9914125676;S
20240321;100808;158.5;10;9914125677;S
20240321;100808;158.5;10;9914125678;S
20240321;100808;158.5;10;9914125679;S
20240321;100808;158.5;10;9914125680;S
20240321;100808;158.5;750;9914125681;S
20240321;100808;158.5;10;9914125682;S
20240321;100808;158.5;2000;9914125683;S
20240321;100808;158.5;10;9914125684;S
20240321;100808;158.5;20;9914125685;S
20240321;100808;158.5;20;9914125686;S
20240321;100808;158.5;10;9914125687;S
20240321;100808;158.5;30;9914125688;S
20240321;100808;158.5;10;9914125689;S
20240321;100808;158.5;10;9914125690;S
20240321;100808;158.5;50;9914125691;S
20240321;100808;158.5;430;9914125692;S
20240321;100808;158.5;150;9914125693;S
20240321;100808;158.5;10;9914125694;S
20240321;100808;158.5;10;9914125695;S
20240321;100808;158.46;10;9914125859;B
20240321;100809;158.45;300;9914125889;S
20240321;100809;158.44;400;9914125890;S
20240321;100809;158.44;10;9914125891;S
20240321;100809;158.43;20;9914125892;S
20240321;100809;158.43;210;9914125893;S
20240321;100809;158.42;20;9914125894;S
20240321;100809;158.42;10;9914125895;S
20240321;100809;158.42;10;9914125896;S
20240321;100809;158.42;10;9914125897;S
20240321;100809;158.42;10;9914125898;S
20240321;100809;158.42;10;9914125926;S
20240321;100809;158.42;30;9914125927;S
20240321;100811;158.43;10;9914126285;B
20240321;100811;158.43;210;9914126360;B
20240321;100811;158.43;260;9914126361;B
20240321;100811;158.43;330;9914126367;B
20240321;100811;158.43;70;9914126368;B
20240321;100814;158.43;930;9914126800;B
20240321;100814;158.43;70;9914126801;B
20240321;100816;158.43;630;9914127243;B
20240321;100817;158.43;10;9914127394;B
20240321;100817;158.42;20;9914127409;S
20240321;100823;158.42;10;9914128425;S
20240321;100823;158.42;70;9914128426;S
20240321;100824;158.43;90;9914128588;B
20240321;100824;158.43;220;9914128589;B
20240321;100824;158.44;1000;9914128590;B
20240321;100824;158.44;800;9914128591;B
20240321;100824;158.44;220;9914128592;B
20240321;100824;158.44;300;9914128593;B
20240321;100824;158.45;220;9914128594;B
20240321;100824;158.45;580;9914128595;B
20240321;100824;158.46;220;9914128596;B
20240321;100824;158.47;220;9914128597;B
20240321;100824;158.48;220;9914128598;B
20240321;100824;158.48;510;9914128599;B
20240321;100824;158.49;220;9914128600;B
20240321;100824;158.49;3800;9914128601;B
20240321;100824;158.49;3800;9914128602;B
20240321;100824;158.49;300;9914128603;B
20240321;100824;158.5;6880;9914128604;B
20240321;100824;158.5;220;9914128605;B
20240321;100824;158.5;5220;9914128606;B
20240321;100824;158.5;1000;9914128607;B
20240321;100824;158.51;30;9914128669;B
20240321;100827;158.5;100;9914128962;S
20240321;100827;158.5;40;9914129008;S
20240321;100827;158.5;110;9914129043;S
20240321;100828;158.5;30;9914129121;S
20240321;100828;158.51;10;9914129150;B
20240321;100831;158.5;1410;9914129603;S
20240321;100832;158.51;20;9914129694;B
20240321;100834;158.5;80;9914129951;S
20240321;100834;158.51;10;9914130006;B
20240321;100834;158.51;50;9914130078;B
20240321;100837;158.5;1170;9914130518;S
20240321;100838;158.51;30;9914130713;B
20240321;100839;158.51;10;9914130850;B
20240321;100839;158.5;10;9914130924;S
20240321;100840;158.5;220;9914131020;S
20240321;100841;158.51;10;9914131153;B
20240321;100841;158.51;200;9914131159;B
20240321;100841;158.5;30;9914131215;S
20240321;100841;158.51;10;9914131246;B
20240321;100843;158.5;350;9914131429;S
20240321;100843;158.5;130;9914131458;S
20240321;100843;158.5;280;9914131486;S
20240321;100843;158.5;20;9914131487;S
20240321;100843;158.5;200;9914131493;S
20240321;100843;158.5;100;9914131495;S
20240321;100844;158.5;400;9914131643;S
20240321;100848;158.5;780;9914132227;S
20240321;100848;158.5;60;9914132228;S
20240321;100850;158.47;10;9914132540;B
20240321;100851;158.47;90;9914132686;B
20240321;100851;158.47;220;9914132687;B
20240321;100851;158.48;220;9914132688;B
20240321;100851;158.48;470;9914132689;B
20240321;100851;158.47;10;9914132758;B
20240321;100852;158.46;100;9914132801;S
20240321;100853;158.47;10;9914132964;B
20240321;100855;158.46;10;9914133225;S
20240321;100903;158.47;10;9914134601;B
20240321;100904;158.47;190;9914134850;B
20240321;100904;158.48;10;9914134851;B
20240321;100905;158.46;10;9914134952;S
20240321;100906;158.47;10;9914135162;B
20240321;100906;158.47;20;9914135244;B
20240321;100907;158.46;50;9914135379;S
20240321;100910;158.47;20;9914135753;B
20240321;100910;158.47;10;9914135820;B
20240321;100911;158.47;140;9914135894;B
20240321;100913;158.47;10;9914136158;B
20240321;100916;158.46;90;9914137617;S
20240321;100916;158.46;90;9914137618;S
20240321;100918;158.47;10;9914137889;B
20240321;100918;158.47;90;9914137890;B
20240321;100918;158.47;30;9914137895;B
20240321;100918;158.46;40;9914137930;S
20240321;100918;158.46;200;9914137931;S
20240321;100922;158.47;100;9914138469;B
20240321;100922;158.47;10;9914138476;B
20240321;100923;158.46;10;9914138695;S
20240321;100923;158.46;170;9914138696;S
20240321;100924;158.46;20;9914138801;S
20240321;100924;158.47;80;9914138835;B
20240321;100924;158.47;170;9914138836;S
20240321;100924;158.47;320;9914138837;S
20240321;100925;158.47;10;9914138899;B
20240321;100927;158.47;10;9914139208;B
20240321;100928;158.47;10;9914139382;B
20240321;100933;158.47;50;9914140192;B
20240321;100934;158.46;610;9914140417;S
20240321;100934;158.46;50;9914140418;S
20240321;100934;158.46;300;9914140419;S
20240321;100934;158.46;130;9914140420;S
20240321;100934;158.45;40;9914140421;S
20240321;100937;158.46;10;9914140793;S
20240321;100937;158.45;10;9914140794;S
20240321;100938;158.47;20;9914140874;B
20240321;100938;158.45;10;9914140905;S
20240321;100944;158.47;90;9914141707;B
20240321;100944;158.47;10;9914141741;B
20240321;100946;158.45;10;9914142082;S
20240321;100946;158.45;20;9914142083;S
20240321;100946;158.45;10;9914142086;S
20240321;100947;158.46;100;9914142088;B
20240321;100948;158.46;10;9914142303;B
20240321;100948;158.46;250;9914142450;B
20240321;100949;158.45;10;9914142458;S
20240321;100949;158.45;10;9914142460;S
20240321;100955;158.45;10;9914143283;S
20240321;100958;158.45;10;9914143606;S
20240321;100958;158.45;50;9914143607;S
20240321;100958;158.45;30;9914143608;S
20240321;100958;158.45;10;9914143609;S
20240321;100958;158.45;60;9914143627;S
20240321;100958;158.45;100;9914143676;S
20240321;100958;158.46;70;9914143700;B
20240321;100958;158.45;10;9914143716;S
20240321;100958;158.45;90;9914143717;S
20240321;101000;158.46;20;9914143928;B
20240321;101001;158.46;200;9914144088;B
20240321;101001;158.46;40;9914144089;B
20240321;101001;158.46;60;9914144208;B
20240321;101003;158.45;10;9914144358;S
20240321;101003;158.45;10;9914144370;S
20240321;101003;158.45;490;9914144427;S
20240321;101003;158.45;10;9914144428;S
20240321;101003;158.45;290;9914144429;S
20240321;101003;158.45;10;9914144430;B
20240321;101003;158.45;50;9914144431;B
20240321;101004;158.44;10;9914144531;S
20240321;101004;158.44;400;9914144553;S
20240321;101004;158.44;100;9914144555;S
20240321;101004;158.44;400;9914144556;S
20240321;101006;158.44;100;9914144716;S
20240321;101009;158.44;400;9914145115;S
20240321;101009;158.44;100;9914145123;S
20240321;101009;158.44;200;9914145124;S
20240321;101010;158.45;10;9914145187;B
20240321;101010;158.44;300;9914145221;S
20240321;101011;158.44;400;9914145329;S
20240321;101013;158.45;10;9914145723;B
20240321;101015;158.45;150;9914145896;B
20240321;101015;158.45;350;9914145897;B
20240321;101015;158.45;80;9914145927;B
20240321;101016;158.44;100;9914146103;S
20240321;101016;158.44;100;9914146104;S
20240321;101016;158.44;60;9914146114;S
20240321;101016;158.44;50;9914146115;S
20240321;101016;158.44;290;9914146116;S
20240321;101016;158.45;100;9914146131;B
20240321;101016;158.45;10;9914146132;B
20240321;101016;158.45;90;9914146139;B
20240321;101017;158.44;10;9914146175;S
20240321;101017;158.44;10;9914146176;S
20240321;101017;158.43;100;9914146363;S
20240321;101017;158.43;100;9914146377;S
20240321;101017;158.43;60;9914146391;S
20240321;101017;158.43;100;9914146402;S
20240321;101017;158.43;140;9914146437;S
20240321;101017;158.43;250;9914146438;S
20240321;101017;158.43;10;9914146439;S
20240321;101017;158.43;40;9914146442;S
20240321;101017;158.43;50;9914146443;S
20240321;101017;158.43;10;9914146444;S
20240321;101017;158.43;200;9914146446;S
20240321;101017;158.43;300;9914146448;S
20240321;101017;158.43;100;9914146454;S
20240321;101018;158.44;50;9914146643;B
20240321;101018;158.43;390;9914146650;S
20240321;101018;158.42;290;9914146667;S
20240321;101018;158.42;10;9914146668;S
20240321;101018;158.42;10;9914146669;S
20240321;101018;158.42;10;9914146670;S
20240321;101018;158.42;180;9914146671;S
20240321;101019;158.42;150;9914146830;S
20240321;101019;158.42;10;9914146831;S
20240321;101019;158.42;160;9914146832;S
20240321;101019;158.42;50;9914146833;S
20240321;101019;158.42;80;9914146834;S
20240321;101019;158.42;50;9914146835;S
20240321;101019;158.42;350;9914146838;S
20240321;101019;158.42;20;9914146839;S
20240321;101019;158.42;80;9914146840;S
20240321;101019;158.42;50;9914146841;S
20240321;101020;158.42;50;9914146973;S
20240321;101020;158.42;70;9914146974;S
20240321;101020;158.42;10;9914146975;S
20240321;101020;158.42;200;9914146976;S
20240321;101020;158.42;10;9914146977;S
20240321;101020;158.42;60;9914146978;S
20240321;101020;158.42;160;9914147027;S
20240321;101020;158.42;10;9914147028;S
20240321;101020;158.42;10;9914147029;S
20240321;101020;158.42;20;9914147030;S
20240321;101020;158.42;100;9914147033;S
20240321;101020;158.42;100;9914147034;S
20240321;101021;158.43;10;9914147071;B
20240321;101021;158.42;400;9914147160;S
20240321;101024;158.43;220;9914147687;B
20240321;101025;158.43;10;9914147842;B
20240321;101025;158.43;100;9914147940;B
20240321;101025;158.43;200;9914147941;B
20240321;101025;158.43;700;9914147942;B
20240321;101025;158.43;800;9914147951;B
20240321;101027;158.43;200;9914148158;B
20240321;101028;158.43;20;9914148380;B
20240321;101029;158.43;200;9914148496;B
20240321;101029;158.43;1000;9914148497;B
20240321;101032;158.44;170;9914149182;B
20240321;101032;158.44;150;9914149183;B
20240321;101032;158.45;220;9914149184;B
20240321;101032;158.45;150;9914149185;B
20240321;101032;158.45;310;9914149186;B
20240321;101032;158.45;800;9914149195;B
20240321;101032;158.44;220;9914149203;B
20240321;101032;158.45;540;9914149204;B
20240321;101032;158.45;40;9914149205;B
20240321;101032;158.45;180;9914149206;B
20240321;101033;158.46;920;9914149233;B
20240321;101033;158.46;10;9914149238;B
20240321;101033;158.45;100;9914149285;S
20240321;101037;158.46;10;9914150121;B
20240321;101039;158.45;10;9914150450;B
20240321;101039;158.46;450;9914150656;B
20240321;101039;158.46;220;9914150657;B
20240321;101039;158.46;330;9914150658;B
20240321;101039;158.46;800;9914150665;B
20240321;101046;158.46;810;9914151977;B
20240321;101046;158.46;190;9914151978;B
20240321;101046;158.46;30;9914151979;B
20240321;101046;158.46;220;9914151980;B
20240321;101046;158.46;550;9914151981;B
20240321;101047;158.46;10;9914152077;B
20240321;101049;158.46;30;9914152415;B
20240321;101051;158.46;200;9914152955;B
20240321;101053;158.46;750;9914153197;B
20240321;101053;158.46;220;9914153198;B
20240321;101053;158.46;30;9914153199;B
20240321;101053;158.46;800;9914153200;B
20240321;101054;158.46;200;9914153373;B
20240321;101056;158.46;50;9914153636;B
20240321;101057;158.45;20;9914153927;S
20240321;101059;158.46;10;9914154233;B
20240321;101059;158.45;20;9914154269;S
20240321;101059;158.45;10;9914154270;S
20240321;101100;158.46;780;9914154440;B
20240321;101100;158.46;220;9914154441;B
20240321;101100;158.46;800;9914154442;B
20240321;101101;158.46;1000;9914154532;B
20240321;101101;158.46;500;9914154533;B
20240321;101103;158.46;1000;9914154856;B
20240321;101106;158.46;100;9914155211;B
20240321;101106;158.45;50;9914155217;S
20240321;101107;158.45;10;9914155408;S
20240321;101107;158.46;1000;9914155448;B
20240321;101107;158.46;800;9914155449;B
20240321;101108;158.45;20;9914155560;S
20240321;101108;158.45;130;9914155590;S
20240321;101113;158.46;10;9914156165;B
20240321;101113;158.46;10;9914156183;B
20240321;101113;158.46;50;9914156208;B
20240321;101113;158.46;10;9914156225;B
20240321;101114;158.46;590;9914156415;B
20240321;101114;158.46;800;9914156416;B
20240321;101116;158.46;10;9914156620;B
20240321;101120;158.45;20;9914157139;S
20240321;101121;158.45;60;9914157207;S
20240321;101121;158.45;80;9914157208;S
20240321;101121;158.45;110;9914157209;S
20240321;101121;158.46;1750;9914157216;B
20240321;101121;158.46;250;9914157217;B
20240321;101121;158.46;300;9914157218;B
20240321;101121;158.46;590;9914157219;B
20240321;101121;158.46;1010;9914157234;S
20240321;101121;158.46;300;9914157235;S
20240321;101121;158.46;320;9914157236;S
20240321;101121;158.46;500;9914157237;S
20240321;101121;158.47;300;9914157280;B
20240321;101121;158.47;330;9914157281;B
20240321;101122;158.47;30;9914157347;B
20240321;101131;158.47;10;9914158450;B
20240321;101135;158.47;20;9914158975;B
20240321;101139;158.46;100;9914159569;S
20240321;101140;158.47;350;9914159583;B
20240321;101141;158.46;30;9914160052;S
20240321;101142;158.46;170;9914160153;S
20240321;101142;158.46;40;9914160154;S
20240321;101144;158.46;10;9914160504;S
20240321;101144;158.46;50;9914160505;S
20240321;101144;158.46;50;9914160506;S
20240321;101144;158.46;10;9914160507;S
20240321;101144;158.46;110;9914160508;S
20240321;101144;158.46;30;9914160509;S
20240321;101144;158.46;60;9914160510;S
20240321;101146;158.47;30;9914160804;B
20240321;101146;158.47;20;9914160815;B
20240321;101146;158.47;100;9914160912;B
20240321;101148;158.47;500;9914161207;B
20240321;101148;158.47;1000;9914161365;B
20240321;101149;158.47;20;9914161432;B
20240321;101149;158.47;10;9914161443;B
20240321;101149;158.47;20;9914161544;B
20240321;101152;158.46;10;9914161928;S
20240321;101154;158.47;4470;9914162339;B
20240321;101154;158.47;1000;9914162340;B
20240321;101154;158.47;80;9914162341;B
20240321;101154;158.48;220;9914162342;B
20240321;101154;158.48;1000;9914162343;B
20240321;101154;158.49;220;9914162344;B
20240321;101154;158.49;320;9914162345;B
20240321;101154;158.49;50;9914162346;B
20240321;101154;158.49;1000;9914162347;B
20240321;101154;158.49;50;9914162348;B
20240321;101154;158.5;220;9914162349;B
20240321;101154;158.5;190;9914162350;B
20240321;101154;158.5;60;9914162351;B
20240321;101154;158.5;320;9914162352;B
20240321;101154;158.5;250;9914162353;B
20240321;101154;158.5;1000;9914162354;B
20240321;101154;158.5;20;9914162355;B
20240321;101154;158.5;100;9914162356;S
20240321;101159;158.51;10;9914163036;B
20240321;101200;158.51;50;9914163103;B
20240321;101201;158.51;10;9914163416;B
20240321;101201;158.5;100;9914163530;S
20240321;101202;158.5;100;9914163609;S
20240321;101204;158.5;200;9914164028;S
20240321;101205;158.51;50;9914164114;B
20240321;101206;158.51;10;9914164282;B
20240321;101206;158.51;100;9914164380;B
20240321;101210;158.51;10;9914165077;B
20240321;101210;158.51;10;9914165139;B
20240321;101213;158.51;550;9914165720;B
20240321;101214;158.5;40;9914165833;S
20240321;101214;158.51;50;9914165906;B
20240321;101215;158.51;1870;9914166160;B
20240321;101216;158.51;2480;9914166197;B
20240321;101216;158.51;10;9914166198;B
20240321;101216;158.51;1000;9914166199;B
20240321;101216;158.51;980;9914166200;B
20240321;101216;158.51;70;9914166275;S
20240321;101216;158.52;10;9914166323;B
20240321;101219;158.52;60;9914166694;B
20240321;101219;158.52;50;9914166758;B
20240321;101224;158.51;1750;9914167447;S
20240321;101224;158.51;300;9914167448;S
20240321;101224;158.51;500;9914167449;S
20240321;101224;158.51;1900;9914167450;S
20240321;101224;158.51;960;9914167451;S
20240321;101224;158.51;1000;9914167452;S
20240321;101224;158.51;1010;9914167453;S
20240321;101225;158.52;40;9914167494;B
20240321;101225;158.52;100;9914167495;B
20240321;101225;158.52;430;9914167496;B
20240321;101225;158.54;20;9914167635;B
20240321;101226;158.54;10;9914167666;B
20240321;101232;158.54;10;9914168354;B
20240321;101232;158.53;50;9914168380;S
20240321;101232;158.53;190;9914168381;S
20240321;101234;158.54;180;9914168654;B
20240321;101234;158.54;120;9914168655;B
20240321;101236;158.54;500;9914169054;B
20240321;101238;158.54;10;9914169398;B
20240321;101239;158.53;50;9914169515;S
20240321;101241;158.53;20;9914169707;S
20240321;101241;158.53;270;9914169708;S
20240321;101241;158.53;150;9914169736;S
20240321;101241;158.54;370;9914169895;B
20240321;101241;158.54;220;9914169896;B
20240321;101241;158.54;370;9914169897;S
20240321;101241;158.54;90;9914169901;B
20240321;101242;158.55;50;9914169950;B
20240321;101242;158.55;160;9914169995;B
20240321;101245;158.55;10;9914170482;B
20240321;101246;158.55;570;9914170640;B
20240321;101246;158.55;430;9914170685;B
20240321;101246;158.55;140;9914170686;B
20240321;101249;158.55;10;9914171154;B
20240321;101249;158.54;150;9914171169;S
20240321;101249;158.54;440;9914171199;S
20240321;101251;158.54;10;9914171719;S
20240321;101252;158.56;10;9914171913;B
20240321;101252;158.56;50;9914171927;B
20240321;101252;158.56;150;9914171928;B
20240321;101253;158.55;500;9914172046;S
20240321;101253;158.55;100;9914172049;B
20240321;101253;158.55;370;9914172051;S
20240321;101253;158.56;370;9914172053;B
20240321;101253;158.56;440;9914172054;B
20240321;101256;158.58;210;9914172591;B
20240321;101257;158.55;10;9914172705;S
20240321;101257;158.58;10;9914172719;B
20240321;101257;158.56;1000;9914172793;S
20240321;101257;158.56;900;9914172794;S
20240321;101300;158.58;780;9914173099;B
20240321;101300;158.58;140;9914173100;B
20240321;101300;158.57;1000;9914173104;S
20240321;101300;158.57;900;9914173105;S
20240321;101300;158.57;210;9914173106;S
20240321;101301;158.57;520;9914173327;B
20240321;101302;158.58;10;9914173542;B
20240321;101304;158.56;100;9914173706;S
20240321;101304;158.58;990;9914173848;B
20240321;101304;158.58;220;9914173849;B
20240321;101304;158.59;1000;9914173850;B
20240321;101304;158.59;790;9914173851;B
20240321;101304;158.57;1000;9914173852;S
20240321;101305;158.58;20;9914173891;B
20240321;101305;158.58;10;9914173905;B
20240321;101306;158.58;970;9914174043;B
20240321;101306;158.58;220;9914174044;B
20240321;101306;158.59;210;9914174045;B
20240321;101306;158.59;220;9914174046;B
20240321;101306;158.59;360;9914174047;B
20240321;101306;158.6;220;9914174048;B
20240321;101306;158.6;220;9914174049;B
20240321;101306;158.6;200;9914174050;B
20240321;101306;158.6;10;9914174051;B
20240321;101306;158.6;50;9914174052;B
20240321;101306;158.6;1000;9914174053;B
20240321;101306;158.6;220;9914174054;B
20240321;101306;158.6;500;9914174055;B
20240321;101306;158.61;1000;9914174056;B
20240321;101306;158.61;220;9914174057;B
20240321;101306;158.61;300;9914174058;B
20240321;101306;158.62;25300;9914174059;B
20240321;101306;158.62;1000;9914174060;B
20240321;101306;158.62;220;9914174061;B
20240321;101306;158.62;500;9914174062;B
20240321;101306;158.62;1000;9914174063;S
20240321;101306;158.62;1000;9914174064;S
20240321;101306;158.62;100;9914174065;S
20240321;101306;158.62;1000;9914174066;S
20240321;101306;158.62;400;9914174067;S
20240321;101306;158.62;1000;9914174068;S
20240321;101306;158.62;1000;9914174069;S
20240321;101306;158.62;200;9914174070;S
20240321;101306;158.62;1000;9914174071;S
20240321;101306;158.62;100;9914174072;S
20240321;101306;158.62;1000;9914174073;S
20240321;101306;158.62;100;9914174074;S
20240321;101306;158.62;1000;9914174075;S
20240321;101306;158.62;300;9914174076;S
20240321;101306;158.62;1000;9914174077;S
20240321;101306;158.62;500;9914174078;S
20240321;101306;158.62;1000;9914174079;S
20240321;101306;158.62;300;9914174082;S
20240321;101306;158.62;1000;9914174083;S
20240321;101306;158.62;200;9914174084;S
20240321;101306;158.62;1000;9914174085;S
20240321;101306;158.62;500;9914174086;S
20240321;101306;158.62;1000;9914174087;S
20240321;101306;158.62;500;9914174088;S
20240321;101306;158.62;1000;9914174089;S
20240321;101306;158.62;500;9914174090;S
20240321;101306;158.62;1000;9914174091;S
20240321;101306;158.62;500;9914174092;S
20240321;101306;158.62;1000;9914174093;S
20240321;101306;158.62;500;9914174094;S
20240321;101306;158.62;1000;9914174095;S
20240321;101306;158.62;500;9914174096;S
20240321;101306;158.62;1000;9914174097;S
20240321;101306;158.62;500;9914174098;S
20240321;101306;158.62;500;9914174099;S
20240321;101306;158.62;500;9914174100;S
20240321;101306;158.62;500;9914174101;S
20240321;101306;158.62;500;9914174102;S
20240321;101306;158.62;500;9914174103;S
20240321;101306;158.62;500;9914174104;S
20240321;101306;158.62;500;9914174105;S
20240321;101306;158.62;500;9914174106;S
20240321;101306;158.62;500;9914174107;S
20240321;101306;158.62;500;9914174108;S
20240321;101306;158.62;500;9914174109;S
20240321;101306;158.62;500;9914174110;S
20240321;101306;158.62;500;9914174111;S
20240321;101306;158.62;500;9914174112;S
20240321;101306;158.62;500;9914174113;S
20240321;101306;158.62;500;9914174114;S
20240321;101306;158.62;500;9914174115;S
20240321;101306;158.63;20;9914174335;B
20240321;101307;158.62;500;9914174454;S
20240321;101307;158.62;500;9914174455;S
20240321;101307;158.62;500;9914174456;S
20240321;101307;158.62;500;9914174457;S
20240321;101307;158.62;500;9914174458;S
20240321;101307;158.62;500;9914174459;S
20240321;101307;158.62;100;9914174462;S
20240321;101307;158.62;100;9914174463;S
20240321;101307;158.62;100;9914174464;S
20240321;101307;158.62;200;9914174465;S
20240321;101307;158.62;300;9914174466;S
20240321;101307;158.63;100;9914174488;B
20240321;101307;158.62;100;9914174517;S
20240321;101307;158.62;100;9914174530;S
20240321;101307;158.63;100;9914174537;B
20240321;101308;158.63;80;9914174662;B
20240321;101309;158.63;30;9914175057;B
20240321;101310;158.63;10;9914175061;B
20240321;101310;158.62;20;9914175222;S
20240321;101311;158.62;840;9914175343;S
20240321;101311;158.62;100;9914175344;S
20240321;101311;158.59;3010;9914175345;S
20240321;101312;158.63;10;9914175543;B
20240321;101315;158.6;10;9914175866;S
20240321;101316;158.63;50;9914175965;B
20240321;101317;158.63;600;9914176048;B
20240321;101317;158.63;100;9914176049;B
20240321;101318;158.63;70;9914176208;B
20240321;101318;158.63;10;9914176322;B
20240321;101318;158.6;240;9914176323;S
20240321;101319;158.6;100;9914176354;S
20240321;101319;158.6;100;9914176366;S
20240321;101319;158.63;40;9914176370;B
20240321;101319;158.63;1000;9914176371;B
20240321;101319;158.64;20;9914176372;B
20240321;101319;158.64;10;9914176373;B
20240321;101319;158.64;1000;9914176374;B
20240321;101319;158.64;220;9914176375;B
20240321;101319;158.64;300;9914176376;B
20240321;101319;158.64;1000;9914176377;S
20240321;101319;158.64;1000;9914176378;S
20240321;101319;158.64;1000;9914176379;S
20240321;101319;158.64;410;9914176380;S
20240321;101319;158.6;30;9914176394;S
20240321;101319;158.6;40;9914176395;S
20240321;101320;158.64;100;9914176615;B
20240321;101320;158.6;100;9914176667;S
20240321;101320;158.6;90;9914176677;S
20240321;101320;158.64;100;9914176679;B
20240321;101321;158.64;20;9914176688;B
20240321;101321;158.64;50;9914176689;B
20240321;101321;158.64;950;9914176693;B
20240321;101321;158.64;1000;9914176694;S
20240321;101321;158.64;390;9914176695;S
20240321;101321;158.64;100;9914176792;B
20240321;101321;158.62;100;9914176869;S
20240321;101321;158.62;80;9914176878;S
20240321;101322;158.64;100;9914176884;B
20240321;101322;158.64;20;9914176910;B
20240321;101322;158.64;60;9914176911;B
20240321;101325;158.64;70;9914177682;B
20240321;101326;158.6;60;9914177758;S
20240321;101329;158.6;10;9914178299;S
20240321;101330;158.62;220;9914178554;B
20240321;101330;158.62;150;9914178555;B
20240321;101330;158.63;50;9914178556;B
20240321;101330;158.63;220;9914178557;B
20240321;101330;158.63;320;9914178558;B
20240321;101330;158.64;150;9914178559;B
20240321;101330;158.64;1000;9914178560;B
20240321;101330;158.64;150;9914178561;B
20240321;101330;158.65;10;9914178562;B
20240321;101330;158.65;1000;9914178563;B
20240321;101330;158.65;220;9914178564;B
20240321;101330;158.65;1900;9914178565;B
20240321;101330;158.66;13600;9914178566;B
20240321;101331;158.65;20;9914178632;B
20240321;101332;158.61;220;9914178838;B
20240321;101332;158.62;20;9914178839;B
20240321;101332;158.62;220;9914178840;B
20240321;101332;158.63;60;9914178841;B
20240321;101337;158.64;40;9914179554;B
20240321;101338;158.64;10;9914179738;B
20240321;101339;158.64;30;9914179865;B
20240321;101341;158.64;100;9914180044;B
20240321;101342;158.64;10;9914180224;B
20240321;101343;158.64;10;9914180425;B
20240321;101345;158.64;10;9914180645;B
20240321;101345;158.63;10;9914180673;S
20240321;101349;158.64;10;9914181068;B
20240321;101349;158.64;170;9914181069;B
20240321;101350;158.63;10;9914181225;S
20240321;101351;158.64;100;9914181313;B
20240321;101354;158.64;100;9914181673;B
20240321;101356;158.64;20;9914182052;B
20240321;101357;158.64;40;9914182165;S
20240321;101358;158.64;50;9914182315;S
20240321;101358;158.65;200;9914182357;B
20240321;101358;158.65;10;9914182358;B
20240321;101359;158.65;10;9914182385;B
20240321;101359;158.65;10;9914182386;B
20240321;101359;158.65;20;9914182470;B
20240321;101402;158.64;70;9914182965;S
20240321;101402;158.64;20;9914183071;S
20240321;101402;158.64;100;9914183106;S
20240321;101402;158.64;100;9914183107;S
20240321;101407;158.63;10;9914184365;S
20240321;101410;158.63;200;9914185107;S
20240321;101412;158.64;30;9914185285;B
20240321;101412;158.64;10;9914185366;B
20240321;101414;158.64;20;9914185651;B
20240321;101415;158.64;10;9914185772;B
20240321;101416;158.64;40;9914186165;B
20240321;101419;158.63;10;9914186466;S
20240321;101419;158.63;180;9914186467;S
20240321;101419;158.63;110;9914186471;B
20240321;101419;158.63;10;9914186472;B
20240321;101419;158.63;10;9914186532;B
20240321;101420;158.62;30;9914186605;S
20240321;101420;158.62;20;9914186606;S
20240321;101421;158.63;30;9914186861;B
20240321;101421;158.63;10;9914186867;B
20240321;101421;158.62;30;9914186951;S
20240321;101422;158.62;450;9914186955;S
20240321;101422;158.62;30;9914186956;S
20240321;101422;158.6;200;9914186957;S
20240321;101422;158.6;220;9914186958;S
20240321;101422;158.6;220;9914186959;S
20240321;101422;158.6;10;9914186960;S
20240321;101422;158.6;70;9914186961;S
20240321;101423;158.63;150;9914187221;B
20240321;101425;158.62;200;9914187558;B
20240321;101425;158.61;220;9914187572;B
20240321;101425;158.61;250;9914187573;S
20240321;101427;158.62;10;9914187813;B
20240321;101428;158.62;50;9914187870;B
20240321;101429;158.62;30;9914188100;B
20240321;101430;158.62;430;9914188273;B
20240321;101430;158.62;220;9914188274;B
20240321;101430;158.63;10;9914188275;B
20240321;101430;158.63;100;9914188276;B
20240321;101430;158.63;220;9914188277;B
20240321;101430;158.64;690;9914188278;B
20240321;101430;158.64;220;9914188279;B
20240321;101430;158.64;400;9914188280;B
20240321;101430;158.63;220;9914188281;B
20240321;101430;158.64;470;9914188310;B
20240321;101430;158.63;20;9914188463;S
20240321;101431;158.64;10;9914188482;B
20240321;101431;158.64;590;9914188483;B
20240321;101431;158.64;410;9914188484;B
20240321;101431;158.64;550;9914188485;B
20240321;101431;158.64;200;9914188486;B
20240321;101432;158.64;10;9914188789;B
20240321;101433;158.63;460;9914188957;S
20240321;101434;158.64;240;9914189187;B
20240321;101434;158.64;780;9914189188;B
20240321;101434;158.63;10;9914189269;S
20240321;101435;158.64;220;9914189467;B
20240321;101435;158.64;530;9914189468;B
20240321;101435;158.63;90;9914189470;S
20240321;101436;158.64;10;9914189644;B
20240321;101439;158.63;10;9914190128;S
20240321;101445;158.63;10;9914191170;B
20240321;101446;158.63;80;9914191318;B
20240321;101450;158.63;500;9914192179;B
20240321;101450;158.63;100;9914192180;B
20240321;101450;158.64;460;9914192181;B
20240321;101450;158.64;240;9914192182;B
20240321;101457;158.64;50;9914193324;B
20240321;101458;158.64;10;9914193476;B
20240321;101459;158.63;300;9914193619;S
20240321;101459;158.63;10;9914193620;S
20240321;101459;158.63;100;9914193621;S
20240321;101459;158.63;90;9914193622;S
20240321;101500;158.64;10;9914193994;B
20240321;101500;158.64;10;9914193995;B
20240321;101500;158.64;1010;9914193996;B
20240321;101500;158.64;20;9914194000;B
20240321;101501;158.64;300;9914194066;S
20240321;101501;158.64;230;9914194067;S
20240321;101504;158.65;160;9914194716;B
20240321;101504;158.65;40;9914194717;B
20240321;101504;158.65;10;9914194819;B
20240321;101506;158.64;400;9914195223;S
20240321;101507;158.65;10;9914195307;B
20240321;101509;158.64;120;9914195641;S
20240321;101510;158.65;10;9914195878;B
20240321;101511;158.65;70;9914196047;B
20240321;101513;158.65;860;9914196520;B
20240321;101513;158.65;10;9914196521;B
20240321;101513;158.65;2000;9914196522;B
20240321;101513;158.65;220;9914196523;B
20240321;101513;158.65;820;9914196524;B
20240321;101513;158.66;39410;9914196525;B
20240321;101513;158.66;10;9914196526;B
20240321;101513;158.66;1000;9914196527;B
20240321;101513;158.66;250;9914196528;B
20240321;101513;158.66;220;9914196529;B
20240321;101513;158.66;1000;9914196530;B
20240321;101514;158.67;130;9914196669;B
20240321;101514;158.67;10;9914196672;B
20240321;101514;158.67;2000;9914196679;B
20240321;101514;158.68;10;9914196761;B
20240321;101514;158.68;1000;9914196762;B
20240321;101514;158.69;220;9914196763;B
20240321;101514;158.69;1000;9914196764;B
20240321;101514;158.7;30;9914196765;B
20240321;101514;158.7;30;9914196766;B
20240321;101514;158.7;50;9914196767;B
20240321;101514;158.7;40;9914196768;B
20240321;101514;158.7;120;9914196769;B
20240321;101514;158.7;100;9914196811;B
20240321;101514;158.7;150;9914196812;B
20240321;101514;158.69;10;9914196834;S
20240321;101515;158.7;10;9914196918;B
20240321;101515;158.7;100;9914196924;B
20240321;101515;158.7;10;9914196984;B
20240321;101515;158.7;500;9914197009;B
20240321;101520;158.69;100;9914198311;S
20240321;101523;158.7;10;9914199072;B
20240321;101523;158.7;10;9914199214;B
20240321;101525;158.7;20;9914199804;B
20240321;101525;158.7;10;9914199887;B
20240321;101527;158.69;100;9914200380;S
20240321;101531;158.7;180;9914201009;B
20240321;101531;158.7;10;9914201010;B
20240321;101531;158.71;10;9914201011;B
20240321;101531;158.7;100;9914201013;S
20240321;101531;158.71;10;9914201030;B
20240321;101532;158.71;20;9914201255;B
20240321;101532;158.71;200;9914201376;B
20240321;101533;158.71;10;9914201548;B
20240321;101535;158.71;10;9914201996;B
20240321;101535;158.71;20;9914202009;B
20240321;101535;158.71;40;9914202018;B
20240321;101536;158.71;430;9914202110;B
20240321;101536;158.71;70;9914202111;B
20240321;101536;158.71;40;9914202172;B
20240321;101536;158.7;200;9914202173;S
20240321;101536;158.71;10;9914202178;B
20240321;101537;158.71;500;9914202328;B
20240321;101540;158.71;380;9914202755;B
20240321;101540;158.72;1000;9914202756;B
20240321;101540;158.72;220;9914202757;B
20240321;101540;158.72;50;9914202758;B
20240321;101540;158.73;1000;9914202759;B
20240321;101540;158.73;220;9914202760;B
20240321;101540;158.73;30;9914202761;B
20240321;101540;158.73;10;9914202762;B
20240321;101540;158.73;70;9914202763;B
20240321;101540;158.74;1000;9914202764;B
20240321;101540;158.74;220;9914202765;B
20240321;101540;158.75;10;9914202766;B
20240321;101540;158.75;1000;9914202767;B
20240321;101540;158.75;220;9914202768;B
20240321;101540;158.75;320;9914202769;B
20240321;101540;158.75;270;9914202770;B
20240321;101540;158.76;1000;9914202771;B
20240321;101540;158.76;220;9914202772;B
20240321;101540;158.77;80;9914202773;B
20240321;101540;158.77;50;9914202774;B
20240321;101540;158.77;2000;9914202775;B
20240321;101540;158.77;1000;9914202776;B
20240321;101540;158.77;220;9914202777;B
20240321;101540;158.78;10;9914202778;B
20240321;101540;158.78;500;9914202779;B
20240321;101540;158.78;1000;9914202780;B
20240321;101540;158.78;220;9914202781;B
20240321;101540;158.78;500;9914202782;B
20240321;101540;158.78;300;9914202783;B
20240321;101540;158.79;860;9914202784;B
20240321;101540;158.79;50;9914202785;B
20240321;101540;158.79;10;9914202786;B
20240321;101540;158.79;2000;9914202787;B
20240321;101540;158.79;1000;9914202788;B
20240321;101540;158.79;220;9914202789;B
20240321;101540;158.79;800;9914202790;B
20240321;101540;158.79;10;9914202791;B
20240321;101540;158.8;10;9914202792;B
20240321;101540;158.8;320;9914202793;B
20240321;101540;158.8;20;9914202794;B
20240321;101540;158.8;260;9914202795;B
20240321;101540;158.8;500;9914202796;B
20240321;101540;158.8;100;9914202797;B
20240321;101540;158.8;50;9914202798;B
20240321;101540;158.8;1500;9914202799;B
20240321;101540;158.8;1000;9914202800;B
20240321;101540;158.8;220;9914202801;B
20240321;101540;158.8;5500;9914202802;B
20240321;101540;158.8;7450;9914202803;B
20240321;101540;158.77;100;9914202828;S
20240321;101540;158.79;40;9914202840;B
20240321;101540;158.76;300;9914202853;S
20240321;101540;158.75;1000;9914202854;S
20240321;101540;158.74;500;9914202855;S
20240321;101540;158.73;1000;9914202856;S
20240321;101542;158.76;10;9914203103;B
20240321;101543;158.73;30;9914203154;S
20240321;101543;158.73;270;9914203225;S
20240321;101543;158.73;330;9914203226;S
20240321;101544;158.72;50;9914203363;S
20240321;101547;158.72;10;9914204034;S
20240321;101547;158.76;500;9914204062;B
20240321;101547;158.72;290;9914204141;S
20240321;101547;158.72;80;9914204142;S
20240321;101548;158.76;100;9914204167;B
20240321;101549;158.76;10;9914204452;B
20240321;101550;158.76;10;9914204589;B
20240321;101552;158.75;20;9914205125;S
20240321;101554;158.76;370;9914205392;B
20240321;101554;158.77;500;9914205393;B
20240321;101554;158.77;760;9914205394;B
20240321;101555;158.78;10;9914205789;B
20240321;101557;158.78;990;9914206121;B
20240321;101557;158.78;1000;9914206122;B
20240321;101557;158.78;200;9914206123;B
20240321;101557;158.78;220;9914206124;B
20240321;101557;158.79;960;9914206125;B
20240321;101557;158.79;220;9914206126;B
20240321;101557;158.79;10;9914206127;B
20240321;101557;158.79;390;9914206128;B
20240321;101557;158.8;9550;9914206129;B
20240321;101557;158.8;1000;9914206130;B
20240321;101557;158.8;220;9914206131;B
20240321;101557;158.8;10;9914206132;B
20240321;101557;158.8;1000;9914206133;B
20240321;101557;158.8;190;9914206134;B
20240321;101557;158.8;2500;9914206135;B
20240321;101557;158.8;300;9914206136;B
20240321;101557;158.8;500;9914206137;S
20240321;101557;158.8;100;9914206138;S
20240321;101557;158.8;400;9914206139;S
20240321;101557;158.8;240;9914206140;S
20240321;101558;158.77;390;9914206326;S
20240321;101558;158.76;10;9914206327;S
20240321;101558;158.76;580;9914206328;S
20240321;101558;158.75;300;9914206329;S
20240321;101558;158.74;2200;9914206330;S
20240321;101558;158.74;500;9914206331;S
20240321;101558;158.72;180;9914206332;S
20240321;101559;158.75;1500;9914206622;S
20240321;101559;158.74;380;9914206623;S
20240321;101559;158.73;300;9914206624;S
20240321;101559;158.72;890;9914206625;S
20240321;101600;158.76;10;9914206753;B
20240321;101601;158.77;50;9914207036;B
20240321;101601;158.75;10;9914207099;S
20240321;101606;158.75;10;9914208196;S
20240321;101607;158.76;100;9914208338;B
20240321;101607;158.76;1780;9914208429;B
20240321;101607;158.76;220;9914208430;B
20240321;101607;158.76;20;9914208458;B
20240321;101610;158.76;10;9914209048;B
20240321;101610;158.75;20;9914209049;S
20240321;101610;158.75;10;9914209050;S
20240321;101610;158.72;100;9914209051;S
20240321;101610;158.75;50;9914209110;B
20240321;101613;158.73;150;9914210016;B
20240321;101613;158.73;50;9914210028;B
20240321;101616;158.73;10;9914210807;B
20240321;101618;158.73;30;9914211517;B
20240321;101619;158.72;50;9914211770;S
20240321;101619;158.71;20;9914211771;S
20240321;101619;158.71;30;9914211772;S
20240321;101620;158.73;100;9914211877;B
20240321;101620;158.73;10;9914212026;B
20240321;101621;158.73;60;9914212121;B
20240321;101621;158.73;10;9914212237;B
20240321;101623;158.73;140;9914212589;B
20240321;101624;158.74;10;9914212776;B
20240321;101624;158.74;10;9914212797;B
20240321;101624;158.74;10;9914212846;B
20240321;101626;158.73;10;9914213235;S
20240321;101627;158.73;100;9914213420;S
20240321;101629;158.74;5000;9914213764;B
20240321;101630;158.73;250;9914213840;S
20240321;101630;158.73;10;9914213841;S
20240321;101630;158.71;290;9914213842;S
20240321;101630;158.71;290;9914213908;S
20240321;101631;158.74;150;9914214062;B
20240321;101636;158.74;80;9914214756;B
20240321;101636;158.74;10;9914214849;B
20240321;101636;158.74;20;9914214912;B
20240321;101637;158.74;10;9914214992;B
20240321;101643;158.73;10;9914216253;S
20240321;101643;158.73;10;9914216254;S
20240321;101643;158.73;10;9914216255;S
20240321;101643;158.73;70;9914216256;S
20240321;101643;158.73;30;9914216293;S
20240321;101645;158.72;70;9914216555;S
20240321;101650;158.73;100;9914217625;B
20240321;101651;158.73;1000;9914217840;B
20240321;101651;158.72;680;9914217975;S
20240321;101651;158.72;10;9914217976;S
20240321;101651;158.72;310;9914217977;S
20240321;101653;158.73;30;9914218307;B
20240321;101656;158.72;10;9914219015;S
20240321;101656;158.71;10;9914219016;S
20240321;101657;158.71;490;9914219092;S
20240321;101657;158.71;10;9914219093;S
20240321;101657;158.71;500;9914219095;S
20240321;101657;158.71;260;9914219096;S
20240321;101657;158.71;500;9914219097;S
20240321;101657;158.71;500;9914219098;S
20240321;101657;158.72;10;9914219166;B
20240321;101657;158.71;10;9914219176;S
20240321;101657;158.7;20;9914219254;S
20240321;101658;158.72;10;9914219491;B
20240321;101659;158.7;60;9914219506;S
20240321;101700;158.7;4430;9914219703;S
20240321;101700;158.7;50;9914219704;S
20240321;101700;158.7;10;9914219705;S
20240321;101700;158.7;100;9914219706;S
20240321;101700;158.7;100;9914219707;S
20240321;101700;158.7;20;9914219708;S
20240321;101700;158.7;10;9914219709;S
20240321;101700;158.7;10;9914219710;S
20240321;101700;158.7;270;9914219814;B
20240321;101700;158.7;230;9914219815;B
20240321;101700;158.7;50;9914219832;B
20240321;101701;158.69;30;9914219969;S
20240321;101701;158.7;20;9914220103;B
20240321;101701;158.7;10;9914220123;B
20240321;101704;158.7;500;9914220799;B
20240321;101705;158.69;10;9914221089;S
20240321;101705;158.69;90;9914221090;S
20240321;101708;158.7;10;9914221806;B
20240321;101709;158.69;10;9914221893;S
20240321;101711;158.7;20;9914222347;B
20240321;101711;158.69;1900;9914222449;B
20240321;101711;158.69;100;9914222450;B
20240321;101711;158.68;10;9914222497;S
20240321;101711;158.68;20;9914222498;S
20240321;101713;158.69;440;9914222814;B
20240321;101713;158.68;1980;9914222876;S
20240321;101713;158.68;10;9914222877;S
20240321;101713;158.66;20;9914222878;S
20240321;101713;158.65;10;9914222879;S
20240321;101713;158.65;20;9914222880;S
20240321;101713;158.65;120;9914222881;S
20240321;101713;158.65;330;9914222882;S
20240321;101713;158.68;20;9914222999;B
20240321;101715;158.65;670;9914223448;S
20240321;101715;158.68;10;9914223516;B
20240321;101715;158.68;10;9914223712;B
20240321;101715;158.68;960;9914223842;B
20240321;101715;158.69;910;9914223843;B
20240321;101715;158.69;350;9914223848;B
20240321;101719;158.69;200;9914224816;B
20240321;101723;158.69;30;9914225413;B
20240321;101724;158.65;140;9914225548;S
20240321;101724;158.69;10;9914225644;B
20240321;101725;158.69;950;9914225745;B
20240321;101726;158.7;30;9914225943;B
20240321;101730;158.69;40;9914226610;S
20240321;101733;158.69;2000;9914227026;S
20240321;101736;158.7;20;9914227446;B
20240321;101736;158.69;2010;9914227487;S
20240321;101736;158.69;100;9914227488;S
20240321;101736;158.69;100;9914227489;S
20240321;101736;158.68;1290;9914227490;S
20240321;101739;158.68;30;9914228109;S
20240321;101740;158.68;20;9914228153;S
20240321;101740;158.67;300;9914228156;B
20240321;101740;158.67;100;9914228157;B
20240321;101741;158.67;20;9914228421;B
20240321;101743;158.68;90;9914228749;B
20240321;101744;158.68;20;9914228906;B
20240321;101750;158.68;30;9914229975;B
20240321;101753;158.67;500;9914231120;S
20240321;101759;158.67;10;9914232525;S
20240321;101801;158.67;30;9914232982;S
20240321;101801;158.67;1000;9914232983;S
20240321;101802;158.67;60;9914233165;S
20240321;101802;158.67;40;9914233166;S
20240321;101802;158.67;200;9914233167;S
20240321;101805;158.67;500;9914233777;B
20240321;101806;158.67;10;9914234068;B
20240321;101809;158.67;30;9914234864;B
20240321;101810;158.67;80;9914235123;B
20240321;101810;158.67;40;9914235133;B
20240321;101811;158.67;20;9914235278;B
20240321;101811;158.67;20;9914235286;B
20240321;101811;158.67;60;9914235368;B
20240321;101813;158.67;500;9914235732;B
20240321;101815;158.67;250;9914236100;B
20240321;101816;158.67;5000;9914236217;B
20240321;101818;158.67;10;9914236525;B
20240321;101819;158.66;30;9914236589;S
20240321;101820;158.66;260;9914237004;S
20240321;101820;158.66;440;9914237005;S
20240321;101822;158.67;10;9914237224;B
20240321;101823;158.67;10;9914237467;B
20240321;101823;158.66;30;9914237479;S
20240321;101824;158.67;200;9914237618;B
20240321;101825;158.67;10;9914237721;B
20240321;101825;158.67;10;9914237731;B
20240321;101826;158.67;30;9914238059;B
20240321;101827;158.67;50;9914238288;B
20240321;101830;158.67;5000;9914238967;B
20240321;101830;158.67;600;9914238969;B
20240321;101830;158.66;10;9914238977;S
20240321;101832;158.66;10;9914239428;S
20240321;101833;158.67;10;9914239482;B
20240321;101833;158.67;10;9914239604;B
20240321;101833;158.67;10;9914239609;B
20240321;101834;158.66;40;9914239811;S
20240321;101835;158.67;30;9914240237;B
20240321;101835;158.66;30;9914240238;S
20240321;101838;158.67;1940;9914240630;B
20240321;101838;158.67;2260;9914240650;S
20240321;101841;158.68;150;9914241130;B
20240321;101844;158.68;10;9914241890;B
20240321;101845;158.67;800;9914242073;S
20240321;101845;158.67;10;9914242074;S
20240321;101845;158.67;330;9914242075;S
20240321;101845;158.66;40;9914242076;S
20240321;101845;158.66;250;9914242077;S
20240321;101845;158.66;2200;9914242078;S
20240321;101845;158.65;30;9914242079;S
20240321;101845;158.65;220;9914242080;S
20240321;101845;158.65;1120;9914242081;S
20240321;101846;158.68;10;9914242161;B
20240321;101851;158.67;100;9914242827;S
20240321;101852;158.68;100;9914243032;B
20240321;101852;158.68;90;9914243042;B
20240321;101853;158.68;60;9914243288;B
20240321;101853;158.68;440;9914243311;B
20240321;101857;158.68;50;9914244071;B
20240321;101857;158.67;10;9914244122;S
20240321;101857;158.66;30;9914244123;S
20240321;101857;158.66;180;9914244124;S
20240321;101857;158.66;100;9914244129;S
20240321;101858;158.68;310;9914244387;B
20240321;101859;158.66;900;9914244702;S
20240321;101901;158.65;230;9914245045;S
20240321;101902;158.65;560;9914245211;S
20240321;101902;158.66;100;9914245217;B
20240321;101902;158.65;90;9914245224;S
20240321;101902;158.65;4170;9914245225;S
20240321;101902;158.66;80;9914245230;B
20240321;101905;158.66;1200;9914245803;B
20240321;101905;158.66;1000;9914245804;B
20240321;101905;158.67;220;9914245805;B
20240321;101905;158.67;3630;9914245806;B
20240321;101905;158.67;20;9914245807;B
20240321;101905;158.68;3930;9914245808;B
20240321;101907;158.68;90;9914246121;B
20240321;101908;158.66;10;9914246288;S
20240321;101913;158.66;120;9914247103;S
20240321;101914;158.66;10;9914247283;S
20240321;101915;158.66;50;9914247543;S
20240321;101916;158.68;10;9914247795;B
20240321;101921;158.68;1000;9914248580;B
20240321;101921;158.66;10;9914248582;S
