<DATE>;<TIME>;<LAST>;<VOL>;<ID>;<OPER>
20240314;095952;161.8;90;9835511552;B
20240314;095952;161.8;30;9835511553;B
20240314;095952;161.8;240;9835511554;B
20240314;095952;161.8;10;9835511555;S
20240314;095952;161.8;20;9835511556;S
20240314;095952;161.8;10;9835511557;S
20240314;095952;161.8;10;9835511558;B
20240314;095952;161.8;300;9835511559;S
20240314;095952;161.8;10;9835511560;S
20240314;095952;161.8;10;9835511561;S
20240314;095952;161.8;190;9835511562;S
20240314;095952;161.8;10;9835511563;S
20240314;095952;161.8;10;9835511564;S
20240314;095952;161.8;30;9835511565;S
20240314;095952;161.8;10;9835511566;S
20240314;095952;161.8;10;9835511567;S
20240314;095952;161.8;10;9835511568;B
20240314;095952;161.8;10;9835511569;B
20240314;095952;161.8;10;9835511570;B
20240314;095952;161.8;10;9835511571;B
20240314;095952;161.8;30;9835511572;B
20240314;095952;161.8;10;9835511573;B
20240314;095952;161.8;10;9835511574;B
20240314;095952;161.8;10;9835511575;B
20240314;095952;161.8;10;9835511576;B
20240314;095952;161.8;200;9835511577;S
20240314;095952;161.8;10;9835511578;S
20240314;095952;161.8;100;9835511579;S
20240314;095952;161.8;230;9835511580;S
20240314;095952;161.8;60;9835511581;S
20240314;095952;161.8;10;9835511582;B
20240314;095952;161.8;10;9835511583;B
20240314;095952;161.8;120;9835511584;B
20240314;095952;161.8;10;9835511585;B
20240314;095952;161.8;60;9835511586;S
20240314;095952;161.8;10;9835511587;S
20240314;095952;161.8;600;9835511588;S
20240314;095952;161.8;600;9835511589;S
20240314;095952;161.8;10;9835511590;S
20240314;095952;161.8;80;9835511591;S
20240314;095952;161.8;10;9835511592;S
20240314;095952;161.8;10;9835511593;S
20240314;095952;161.8;10;9835511594;S
20240314;095952;161.8;10;9835511595;S
20240314;095952;161.8;10;9835511596;S
20240314;095952;161.8;10;9835511597;S
20240314;095952;161.8;10;9835511598;S
20240314;095952;161.8;10;9835511599;S
20240314;095952;161.8;20;9835511600;S
20240314;095952;161.8;40;9835511601;S
20240314;095952;161.8;10;9835511602;S
20240314;095952;161.8;10;9835511603;S
20240314;095952;161.8;30;9835511604;B
20240314;095952;161.8;20;9835511605;S
20240314;095952;161.8;80;9835511606;B
20240314;095952;161.8;80;9835511607;S
20240314;095952;161.8;110;9835511608;S
20240314;095952;161.8;10;9835511609;S
20240314;095952;161.8;2000;9835511610;S
20240314;095952;161.8;10;9835511611;S
20240314;095952;161.8;2000;9835511612;S
20240314;095952;161.8;10;9835511613;S
20240314;095952;161.8;500;9835511614;S
20240314;095952;161.8;10;9835511615;S
20240314;095952;161.8;30;9835511616;S
20240314;095952;161.8;50;9835511617;B
20240314;095952;161.8;5270;9835511618;B
20240314;095952;161.8;80;9835511619;S
20240314;095952;161.8;5000;9835511620;B
20240314;095952;161.8;10;9835511621;B
20240314;095952;161.8;10;9835511622;B
20240314;095952;161.8;10;9835511623;B
20240314;095952;161.8;130;9835511624;B
20240314;095952;161.8;10;9835511625;B
20240314;095952;161.8;10;9835511626;B
20240314;095952;161.8;10;9835511627;B
20240314;095952;161.8;10;9835511628;B
20240314;095952;161.8;10;9835511629;B
20240314;095952;161.8;40;9835511630;B
20240314;095952;161.8;10;9835511631;B
20240314;095952;161.8;10;9835511632;B
20240314;095952;161.8;20;9835511633;B
20240314;095952;161.8;20;9835511634;B
20240314;095952;161.8;510;9835511635;B
20240314;095952;161.8;100;9835511636;B
20240314;095952;161.8;10;9835511637;B
20240314;095952;161.8;10;9835511638;B
20240314;095952;161.8;10;9835511639;B
20240314;095952;161.8;20;9835511640;B
20240314;095952;161.8;10;9835511641;B
20240314;095952;161.8;110;9835511642;B
20240314;095952;161.8;90;9835511643;B
20240314;095952;161.8;10;9835511644;B
20240314;095952;161.8;10;9835511645;B
20240314;095952;161.8;10;9835511646;B
20240314;095952;161.8;10;9835511647;B
20240314;095952;161.8;40;9835511648;B
20240314;095952;161.8;40;9835511649;B
20240314;095952;161.8;10;9835511650;B
20240314;095952;161.8;10;9835511651;B
20240314;095952;161.8;20;9835511652;B
20240314;095952;161.8;40;9835511653;B
20240314;095952;161.8;10;9835511654;B
20240314;100000;161.8;200;9835512758;S
20240314;100000;161.8;1200;9835512759;S
20240314;100000;161.8;100;9835512774;S
20240314;100000;161.8;200;9835512782;S
20240314;100000;161.8;100;9835512794;S
20240314;100000;161.8;460;9835512809;S
20240314;100000;161.8;40;9835512810;S
20240314;100000;161.8;200;9835512811;S
20240314;100000;161.8;60;9835512824;S
20240314;100000;161.79;40;9835512832;B
20240314;100000;161.79;100;9835512833;B
20240314;100000;161.79;100;9835512834;B
20240314;100000;161.81;150;9835512835;B
20240314;100000;161.79;40;9835512955;B
20240314;100000;161.79;40;9835512956;B
20240314;100000;161.79;60;9835512957;B
20240314;100000;161.78;10;9835513008;S
20240314;100000;161.78;20;9835513009;S
20240314;100000;161.78;970;9835513010;S
20240314;100000;161.78;500;9835513027;S
20240314;100000;161.78;500;9835513081;S
20240314;100000;161.78;140;9835513153;S
20240314;100000;161.78;20;9835513154;S
20240314;100000;161.78;10;9835513155;S
20240314;100000;161.78;180;9835513156;S
20240314;100000;161.77;10;9835513157;S
20240314;100000;161.77;10;9835513158;S
20240314;100000;161.77;10;9835513159;S
20240314;100000;161.77;10;9835513160;S
20240314;100000;161.77;20;9835513161;S
20240314;100000;161.77;20;9835513162;S
20240314;100000;161.77;30;9835513163;S
20240314;100000;161.77;10;9835513164;S
20240314;100000;161.77;10;9835513165;S
20240314;100000;161.77;10;9835513166;S
20240314;100000;161.77;10;9835513167;S
20240314;100000;161.77;10;9835513219;S
20240314;100000;161.77;10;9835513220;S
20240314;100000;161.77;50;9835513221;S
20240314;100000;161.77;30;9835513222;S
20240314;100000;161.77;10;9835513223;S
20240314;100000;161.77;20;9835513224;S
20240314;100000;161.77;30;9835513225;S
20240314;100000;161.77;10;9835513226;S
20240314;100000;161.77;30;9835513227;S
20240314;100000;161.77;60;9835513390;S
20240314;100000;161.77;10;9835513394;S
20240314;100000;161.77;100;9835513402;S
20240314;100000;161.78;10;9835513431;B
20240314;100000;161.77;10;9835513724;S
20240314;100001;161.77;90;9835514101;S
20240314;100001;161.77;10;9835514102;S
20240314;100001;161.77;10;9835514103;S
20240314;100001;161.77;10;9835514104;S
20240314;100001;161.77;10;9835514105;S
20240314;100001;161.77;20;9835514106;S
20240314;100001;161.77;20;9835514107;S
20240314;100001;161.77;30;9835514108;S
20240314;100001;161.77;100;9835514162;S
20240314;100001;161.77;100;9835514163;S
20240314;100001;161.77;200;9835514238;S
20240314;100001;161.77;200;9835514348;S
20240314;100001;161.77;200;9835514422;S
20240314;100001;161.77;100;9835514486;S
20240314;100001;161.77;200;9835514615;S
20240314;100001;161.77;200;9835514771;S
20240314;100001;161.77;200;9835514825;S
20240314;100001;161.77;200;9835514928;S
20240314;100001;161.77;200;9835515006;S
20240314;100002;161.77;200;9835515235;S
20240314;100002;161.78;230;9835515359;B
20240314;100002;161.78;2160;9835515360;B
20240314;100002;161.78;610;9835515361;B
20240314;100002;161.77;200;9835515386;S
20240314;100002;161.77;10;9835515437;S
20240314;100002;161.77;200;9835515443;S
20240314;100002;161.77;100;9835515684;S
20240314;100002;161.77;50600;9835515819;S
20240314;100003;161.77;100;9835516353;S
20240314;100003;161.77;200;9835516388;S
20240314;100003;161.77;200;9835516437;S
20240314;100003;161.77;200;9835516646;S
20240314;100003;161.77;200;9835516766;S
20240314;100003;161.77;200;9835516808;S
20240314;100004;161.77;200;9835516916;S
20240314;100004;161.77;200;9835517019;S
20240314;100004;161.78;10;9835517342;B
20240314;100004;161.77;10;9835517347;S
20240314;100004;161.78;30;9835517348;B
20240314;100004;161.77;200;9835517490;S
20240314;100004;161.77;200;9835517633;S
20240314;100004;161.78;10;9835517655;B
20240314;100004;161.78;100;9835517659;B
20240314;100005;161.77;10;9835517919;S
20240314;100005;161.78;10;9835518040;B
20240314;100005;161.78;10;9835518046;B
20240314;100005;161.77;200;9835518047;S
20240314;100005;161.78;10;9835518048;B
20240314;100005;161.77;10;9835518054;S
20240314;100005;161.78;10;9835518058;B
20240314;100005;161.77;200;9835518120;S
20240314;100005;161.77;400;9835518386;S
20240314;100005;161.77;20;9835518474;S
20240314;100005;161.78;10;9835518476;B
20240314;100005;161.77;10;9835518477;S
20240314;100005;161.77;40;9835518478;S
20240314;100005;161.78;10;9835518625;B
20240314;100005;161.77;10;9835518647;S
20240314;100005;161.77;10;9835518649;S
20240314;100005;161.77;10;9835518654;S
20240314;100005;161.77;10;9835518660;S
20240314;100005;161.77;10;9835518664;S
20240314;100005;161.77;200;9835518752;S
20240314;100005;161.77;110;9835518814;S
20240314;100005;161.77;10;9835518817;S
20240314;100005;161.77;30;9835518822;S
20240314;100005;161.78;10;9835518825;B
20240314;100005;161.78;10;9835518827;B
20240314;100005;161.77;10;9835518836;S
20240314;100005;161.78;10;9835518837;B
20240314;100005;161.78;10;9835519263;B
20240314;100005;161.78;10;9835519266;B
20240314;100005;161.77;10;9835519267;S
20240314;100005;161.78;10;9835519268;B
20240314;100006;161.78;10;9835519472;B
20240314;100006;161.77;10;9835519474;S
20240314;100006;161.77;10;9835519485;S
20240314;100006;161.78;40;9835519486;B
20240314;100006;161.78;30;9835519493;B
20240314;100006;161.78;10;9835519495;B
20240314;100006;161.78;10;9835519563;B
20240314;100006;161.77;10;9835519569;S
20240314;100006;161.78;10;9835519573;B
20240314;100006;161.78;10;9835519577;B
20240314;100006;161.78;10;9835519587;B
20240314;100006;161.77;10;9835519745;S
20240314;100006;161.79;10;9835519748;B
20240314;100006;161.77;10;9835519753;S
20240314;100006;161.79;10;9835519899;B
20240314;100006;161.77;10;9835519911;S
20240314;100006;161.77;10;9835519919;S
20240314;100006;161.77;320;9835519923;S
20240314;100006;161.77;10;9835520386;S
20240314;100006;161.77;10;9835520388;S
20240314;100006;161.79;10;9835520390;B
20240314;100006;161.79;10;9835520392;B
20240314;100006;161.79;10;9835520393;B
20240314;100006;161.77;10;9835520399;S
20240314;100006;161.79;10;9835520440;B
20240314;100006;161.77;10;9835520442;S
20240314;100006;161.77;10;9835520444;S
20240314;100006;161.77;10;9835520735;S
20240314;100006;161.77;10;9835520746;S
20240314;100007;161.77;10;9835521084;S
20240314;100007;161.79;10;9835521087;B
20240314;100007;161.79;10;9835521090;B
20240314;100007;161.77;10;9835521112;S
20240314;100007;161.79;10;9835521605;B
20240314;100007;161.79;10;9835521606;B
20240314;100007;161.77;10;9835521667;S
20240314;100008;161.79;10;9835522645;B
20240314;100008;161.77;10;9835522700;S
20240314;100008;161.77;10;9835522703;S
20240314;100008;161.77;10;9835522705;S
20240314;100008;161.79;50;9835522881;B
20240314;100008;161.79;20;9835522882;B
20240314;100008;161.79;80;9835522884;B
20240314;100008;161.79;20;9835522885;B
20240314;100008;161.79;10;9835522887;B
20240314;100008;161.79;10;9835522889;B
20240314;100008;161.79;10;9835523139;B
20240314;100008;161.79;10;9835523147;B
20240314;100008;161.77;20;9835523154;S
20240314;100008;161.79;10;9835523162;B
20240314;100008;161.77;10;9835523169;S
20240314;100008;161.77;10;9835523183;S
20240314;100008;161.78;10;9835523187;B
20240314;100008;161.77;240;9835523212;S
20240314;100008;161.77;10;9835523213;S
20240314;100008;161.77;10;9835523214;S
20240314;100008;161.78;10;9835523216;B
20240314;100008;161.78;10;9835523221;B
20240314;100008;161.77;10;9835523222;S
20240314;100008;161.78;10;9835523223;B
20240314;100008;161.77;10;9835523224;S
20240314;100008;161.78;10;9835523226;B
20240314;100009;161.79;10;9835523997;B
20240314;100009;161.77;320;9835523999;S
20240314;100009;161.77;10;9835524001;S
20240314;100009;161.79;10;9835524002;B
20240314;100009;161.77;200;9835524015;S
20240314;100009;161.79;10;9835524259;B
20240314;100009;161.79;10;9835524261;B
20240314;100009;161.77;10;9835524263;S
20240314;100009;161.77;30;9835524265;S
20240314;100009;161.77;10;9835524422;S
20240314;100009;161.77;10;9835524423;S
20240314;100009;161.79;10;9835524424;B
20240314;100009;161.79;50;9835524425;B
20240314;100009;161.77;750;9835524426;S
20240314;100009;161.79;10;9835524427;B
20240314;100009;161.77;10;9835524428;S
20240314;100010;161.78;10;9835524992;B
20240314;100010;161.77;1180;9835525216;S
20240314;100010;161.77;10300;9835525217;S
20240314;100010;161.77;10;9835525218;S
20240314;100010;161.77;10;9835525219;S
20240314;100010;161.77;10;9835525220;S
20240314;100010;161.77;10;9835525221;S
20240314;100010;161.77;10;9835525222;S
20240314;100010;161.77;10;9835525223;S
20240314;100010;161.77;10;9835525224;S
20240314;100010;161.77;10;9835525225;S
20240314;100010;161.77;10;9835525226;S
20240314;100010;161.77;10;9835525227;S
20240314;100010;161.77;10;9835525228;S
20240314;100010;161.77;300;9835525229;S
20240314;100010;161.77;10;9835525230;S
20240314;100010;161.77;1000;9835525231;S
20240314;100010;161.77;10;9835525232;S
20240314;100010;161.77;10;9835525233;S
20240314;100010;161.77;30;9835525234;S
20240314;100010;161.77;10;9835525235;S
20240314;100010;161.76;500;9835525239;S
20240314;100010;161.75;10;9835525241;S
20240314;100010;161.75;10;9835525242;S
20240314;100010;161.7;300;9835525243;S
20240314;100011;161.7;70;9835525244;S
20240314;100011;161.7;40;9835525245;S
20240314;100011;161.68;30;9835525368;S
20240314;100011;161.68;30;9835525369;S
20240314;100011;161.61;230;9835525455;S
20240314;100011;161.61;470;9835525456;S
20240314;100012;161.62;80;9835525868;B
20240314;100012;161.62;10;9835525900;B
20240314;100012;161.62;20;9835526066;B
20240314;100012;161.61;10;9835526192;S
20240314;100012;161.62;70;9835526198;B
20240314;100012;161.62;30;9835526250;B
20240314;100013;161.61;10;9835526301;S
20240314;100013;161.61;20;9835526312;S
20240314;100013;161.61;10;9835526368;S
20240314;100013;161.62;80;9835526485;B
20240314;100013;161.62;70;9835526486;B
20240314;100013;161.61;50;9835526491;S
20240314;100013;161.61;230;9835526492;S
20240314;100013;161.61;100;9835526493;S
20240314;100013;161.61;200;9835526494;S
20240314;100013;161.61;200;9835526495;S
20240314;100013;161.61;200;9835526496;S
20240314;100013;161.6;300;9835526497;S
20240314;100013;161.6;50;9835526498;S
20240314;100013;161.6;230;9835526499;S
20240314;100013;161.59;230;9835526500;S
20240314;100013;161.59;2160;9835526501;S
20240314;100013;161.58;230;9835526502;S
20240314;100013;161.57;230;9835526503;S
20240314;100013;161.57;300;9835526504;S
20240314;100013;161.56;230;9835526505;S
20240314;100013;161.55;60;9835526506;S
20240314;100013;161.56;100;9835526508;S
20240314;100013;161.57;30;9835526549;B
20240314;100013;161.57;290;9835526550;B
20240314;100013;161.57;10;9835526646;B
20240314;100013;161.57;100;9835526647;B
20240314;100013;161.57;100;9835526648;B
20240314;100013;161.57;300;9835526649;B
20240314;100013;161.56;100;9835526650;S
20240314;100013;161.56;30;9835526651;S
20240314;100013;161.56;60;9835526652;S
20240314;100013;161.56;350;9835526653;S
20240314;100013;161.56;500;9835526654;S
20240314;100013;161.56;500;9835526655;S
20240314;100013;161.56;100;9835526656;S
20240314;100013;161.56;100;9835526657;S
20240314;100013;161.56;100;9835526658;S
20240314;100013;161.56;100;9835526659;S
20240314;100013;161.56;100;9835526660;S
20240314;100013;161.56;200;9835526661;S
20240314;100013;161.56;100;9835526662;S
20240314;100013;161.56;130;9835526663;S
20240314;100013;161.56;470;9835526668;B
20240314;100013;161.56;200;9835526669;B
20240314;100013;161.56;200;9835526670;B
20240314;100013;161.56;100;9835526671;B
20240314;100013;161.56;300;9835526672;S
20240314;100013;161.56;200;9835526673;S
20240314;100013;161.56;30;9835526674;S
20240314;100013;161.56;170;9835526675;S
20240314;100014;161.56;130;9835526716;S
20240314;100014;161.56;230;9835526717;S
20240314;100014;161.56;140;9835526718;S
20240314;100014;161.62;40;9835526833;B
20240314;100014;161.57;30;9835526888;S
20240314;100015;161.57;50;9835527129;S
20240314;100016;161.57;10;9835527435;S
20240314;100019;161.57;10;9835528656;S
20240314;100019;161.57;30;9835528865;S
20240314;100020;161.62;90;9835528946;B
20240314;100020;161.66;300;9835528947;B
20240314;100020;161.71;20;9835528948;B
20240314;100020;161.72;1290;9835528949;B
20240314;100020;161.71;300;9835528952;B
20240314;100020;161.72;60;9835528953;B
20240314;100022;161.61;200;9835529853;S
20240314;100022;161.61;10;9835529897;S
20240314;100023;161.78;240;9835530394;B
20240314;100026;161.65;50;9835531348;S
20240314;100030;161.64;10;9835532167;S
20240314;100030;161.74;10;9835532234;B
20240314;100030;161.65;40;9835532290;S
20240314;100031;161.74;100;9835532389;B
20240314;100032;161.74;180;9835532581;B
20240314;100032;161.65;10;9835532637;S
20240314;100032;161.65;10;9835532644;S
20240314;100033;161.64;10;9835532715;S
20240314;100035;161.65;100;9835533185;S
20240314;100035;161.64;50;9835533186;S
20240314;100035;161.64;60;9835533193;S
20240314;100036;161.73;10;9835533259;B
20240314;100036;161.65;310;9835533306;B
20240314;100038;161.66;10;9835533717;S
20240314;100038;161.64;20;9835533718;S
20240314;100038;161.64;10;9835533984;S
20240314;100039;161.64;200;9835534199;S
20240314;100039;161.64;100;9835534200;S
20240314;100039;161.64;220;9835534201;S
20240314;100040;161.73;10;9835534294;B
20240314;100040;161.73;100;9835534374;B
20240314;100040;161.64;10;9835534419;S
20240314;100040;161.71;300;9835534491;B
20240314;100040;161.72;510;9835534492;B
20240314;100040;161.72;2000;9835534493;B
20240314;100040;161.72;1860;9835534494;B
20240314;100040;161.73;2510;9835534495;B
20240314;100041;161.76;40;9835534546;B
20240314;100041;161.64;80;9835534750;S
20240314;100041;161.69;10;9835534755;B
20240314;100042;161.64;200;9835534809;S
20240314;100042;161.69;10;9835534829;B
20240314;100042;161.69;40;9835534839;B
20240314;100042;161.64;160;9835534892;S
20240314;100042;161.64;10;9835534893;S
20240314;100042;161.63;30;9835534894;S
20240314;100042;161.63;10;9835534994;S
20240314;100042;161.62;100;9835534995;S
20240314;100042;161.61;90;9835534996;S
20240314;100043;161.61;10;9835535084;S
20240314;100044;161.61;10;9835535420;S
20240314;100046;161.6;60;9835535762;S
20240314;100046;161.6;60;9835535763;S
20240314;100046;161.59;300;9835535792;B
20240314;100046;161.59;300;9835535793;B
20240314;100046;161.58;300;9835535831;S
20240314;100046;161.58;700;9835535832;S
20240314;100046;161.58;200;9835535834;S
20240314;100046;161.58;10;9835535884;S
20240314;100046;161.58;90;9835535893;S
20240314;100046;161.57;110;9835535894;S
20240314;100047;161.59;300;9835535917;B
20240314;100047;161.59;2000;9835535918;B
20240314;100047;161.59;300;9835536120;B
20240314;100047;161.59;300;9835536128;B
20240314;100047;161.58;10;9835536199;S
20240314;100049;161.6;80;9835536545;B
20240314;100049;161.6;20;9835536546;B
20240314;100049;161.6;10;9835536571;B
20240314;100049;161.58;100;9835536643;S
20240314;100049;161.59;300;9835536646;B
20240314;100049;161.59;300;9835536647;B
20240314;100049;161.59;300;9835536648;B
20240314;100049;161.58;200;9835536717;S
20240314;100049;161.58;200;9835536739;S
20240314;100049;161.58;200;9835536755;S
20240314;100050;161.6;20;9835536787;B
20240314;100051;161.58;200;9835537234;S
20240314;100053;161.57;10;9835537846;S
20240314;100054;161.57;200;9835537968;S
20240314;100054;161.57;200;9835538010;S
20240314;100054;161.57;200;9835538015;S
20240314;100055;161.6;120;9835538141;B
20240314;100055;161.57;10;9835538212;S
20240314;100055;161.6;20;9835538222;B
20240314;100055;161.57;40;9835538279;S
20240314;100055;161.57;50;9835538291;S
20240314;100056;161.57;180;9835538333;S
20240314;100056;161.57;20;9835538334;S
20240314;100056;161.57;1000;9835538345;S
20240314;100056;161.57;200;9835538390;S
20240314;100056;161.57;200;9835538403;S
20240314;100056;161.57;200;9835538412;S
20240314;100056;161.6;10;9835538413;B
20240314;100056;161.6;990;9835538414;B
20240314;100056;161.57;200;9835538421;S
20240314;100057;161.57;200;9835538528;S
20240314;100057;161.57;1000;9835538562;S
20240314;100057;161.57;200;9835538584;S
20240314;100057;161.57;5000;9835538604;S
20240314;100100;161.57;200;9835539067;S
20240314;100100;161.57;2270;9835539096;S
20240314;100100;161.57;990;9835539097;S
20240314;100100;161.57;1000;9835539098;S
20240314;100100;161.57;800;9835539099;S
20240314;100100;161.56;10;9835539100;S
20240314;100100;161.56;1000;9835539101;S
20240314;100100;161.55;1310;9835539102;S
20240314;100101;161.55;200;9835539370;S
20240314;100101;161.57;200;9835539397;B
20240314;100101;161.57;200;9835539398;B
20240314;100101;161.57;200;9835539399;B
20240314;100101;161.57;2000;9835539400;B
20240314;100101;161.59;360;9835539401;B
20240314;100101;161.61;30;9835539409;B
20240314;100102;161.62;50;9835539589;B
20240314;100102;161.66;450;9835539590;B
20240314;100103;161.57;10;9835539738;S
20240314;100104;161.65;300;9835539825;B
20240314;100104;161.65;200;9835539826;B
20240314;100104;161.62;200;9835539897;S
20240314;100105;161.62;300;9835539976;S
20240314;100105;161.62;300;9835539977;S
20240314;100105;161.61;3930;9835539978;S
20240314;100105;161.66;500;9835540033;B
20240314;100106;161.68;540;9835540088;B
20240314;100106;161.63;100;9835540109;S
20240314;100106;161.68;10;9835540147;B
20240314;100107;161.66;20;9835540252;B
20240314;100107;161.7;480;9835540253;B
20240314;100108;161.7;500;9835540450;B
20240314;100109;161.7;20;9835540698;B
20240314;100109;161.7;480;9835540699;B
20240314;100111;161.7;500;9835541008;B
20240314;100112;161.7;50;9835541191;B
20240314;100113;161.7;500;9835541243;B
20240314;100114;161.7;500;9835541556;B
20240314;100119;161.64;10;9835542503;S
20240314;100121;161.62;10;9835543035;S
20240314;100123;161.7;390;9835543533;B
20240314;100123;161.69;10;9835543608;B
20240314;100131;161.62;50;9835544808;S
20240314;100132;161.69;20;9835545030;B
20240314;100132;161.62;200;9835545035;S
20240314;100132;161.69;270;9835545120;B
20240314;100132;161.69;840;9835545121;B
20240314;100132;161.69;370;9835545185;B
20240314;100132;161.7;10;9835545278;B
20240314;100132;161.7;100;9835545279;B
20240314;100132;161.7;50;9835545280;B
20240314;100132;161.71;1000;9835545281;B
20240314;100132;161.71;740;9835545282;B
20240314;100132;161.72;1000;9835545301;B
20240314;100132;161.73;1000;9835545302;B
20240314;100132;161.73;150;9835545303;B
20240314;100132;161.72;1000;9835545314;B
20240314;100132;161.7;1000;9835545317;B
20240314;100132;161.7;1000;9835545327;B
20240314;100133;161.67;100;9835545412;S
20240314;100135;161.67;50;9835545722;S
20240314;100138;161.71;30;9835546401;B
20240314;100139;161.71;760;9835546669;B
20240314;100139;161.71;1770;9835546670;B
20240314;100139;161.7;10;9835546791;S
20240314;100142;161.7;50;9835547444;S
20240314;100145;161.73;850;9835548090;B
20240314;100145;161.73;250;9835548091;B
20240314;100145;161.73;1110;9835548132;B
20240314;100145;161.73;100;9835548160;B
20240314;100145;161.73;10;9835548180;B
20240314;100145;161.75;70;9835548213;B
20240314;100145;161.75;930;9835548237;B
20240314;100145;161.76;620;9835548238;B
20240314;100145;161.7;50;9835548357;S
20240314;100146;161.75;200;9835548505;S
20240314;100146;161.75;100;9835548557;S
20240314;100146;161.74;100;9835548558;S
20240314;100146;161.75;300;9835548571;S
20240314;100146;161.74;300;9835548572;S
20240314;100146;161.74;200;9835548598;S
20240314;100146;161.74;200;9835548601;S
20240314;100146;161.74;200;9835548621;S
20240314;100146;161.74;200;9835548650;S
20240314;100146;161.74;200;9835548663;S
20240314;100146;161.74;200;9835548680;S
20240314;100146;161.74;200;9835548692;S
20240314;100147;161.74;320;9835548744;S
20240314;100147;161.72;300;9835548745;S
20240314;100147;161.7;20;9835548746;S
20240314;100147;161.7;30;9835548747;S
20240314;100147;161.7;1100;9835548748;S
20240314;100147;161.7;230;9835548749;B
20240314;100147;161.7;10;9835548873;S
20240314;100148;161.75;10;9835548953;B
20240314;100149;161.73;10;9835549127;B
20240314;100149;161.76;10;9835549225;B
20240314;100151;161.76;10;9835549618;B
20240314;100152;161.76;120;9835549754;B
20240314;100152;161.71;150;9835549769;S
20240314;100153;161.71;1000;9835550118;S
20240314;100153;161.76;10;9835550119;B
20240314;100154;161.76;10;9835550391;B
20240314;100156;161.76;10;9835550944;B
20240314;100200;161.76;10;9835551606;B
20240314;100206;161.73;200;9835552557;S
20240314;100206;161.76;10;9835552569;B
20240314;100206;161.73;200;9835552582;S
20240314;100206;161.73;200;9835552633;S
20240314;100206;161.73;200;9835552654;S
20240314;100207;161.76;10;9835552946;B
20240314;100208;161.76;140;9835553117;B
20240314;100208;161.76;19860;9835553118;B
20240314;100209;161.74;500;9835553171;S
20240314;100209;161.73;550;9835553172;S
20240314;100210;161.71;1490;9835553360;S
20240314;100210;161.71;10;9835553379;B
20240314;100212;161.71;1000;9835553683;B
20240314;100212;161.7;300;9835553714;S
20240314;100214;161.71;10;9835554046;B
20240314;100214;161.71;30;9835554058;B
20240314;100217;161.71;10;9835554501;B
20240314;100219;161.7;200;9835554926;S
20240314;100222;161.71;70;9835555537;B
20240314;100222;161.71;670;9835555588;B
20240314;100223;161.71;10;9835555826;B
20240314;100224;161.7;10;9835556057;S
20240314;100225;161.71;10;9835556189;B
20240314;100226;161.71;540;9835556410;B
20240314;100229;161.7;100;9835557095;S
20240314;100229;161.71;2000;9835557362;B
20240314;100230;161.72;740;9835557483;B
20240314;100231;161.71;1000;9835557784;S
20240314;100235;161.72;10;9835558477;B
20240314;100239;161.72;10;9835559205;B
20240314;100241;161.72;180;9835559673;B
20240314;100241;161.72;320;9835559674;B
20240314;100242;161.75;10;9835559780;B
20240314;100244;161.71;10;9835560132;S
20240314;100244;161.71;3000;9835560270;S
20240314;100247;161.71;10;9835560781;S
20240314;100248;161.72;30;9835560950;B
20240314;100248;161.71;40;9835561075;S
20240314;100250;161.71;20;9835561541;S
20240314;100254;161.72;20;9835562284;B
20240314;100254;161.71;1920;9835562308;S
20240314;100254;161.71;50;9835562309;S
20240314;100254;161.71;740;9835562310;S
20240314;100254;161.7;390;9835562311;S
20240314;100254;161.7;10;9835562312;S
20240314;100254;161.7;10;9835562313;S
20240314;100254;161.7;70;9835562314;S
20240314;100254;161.7;70;9835562315;S
20240314;100254;161.7;10;9835562316;S
20240314;100254;161.7;60;9835562317;S
20240314;100254;161.7;1670;9835562318;S
20240314;100257;161.7;200;9835562873;S
20240314;100257;161.7;130;9835562895;S
20240314;100257;161.7;70;9835562896;S
20240314;100258;161.7;30;9835562903;S
20240314;100258;161.69;90;9835562904;S
20240314;100258;161.68;80;9835562905;S
20240314;100258;161.71;200;9835562912;B
20240314;100258;161.68;100;9835562914;S
20240314;100258;161.68;200;9835562942;S
20240314;100258;161.68;200;9835562971;S
20240314;100301;161.68;160;9835563388;S
20240314;100301;161.67;150;9835563389;S
20240314;100301;161.67;20;9835563409;S
20240314;100302;161.67;4620;9835563503;S
20240314;100302;161.67;100;9835563504;S
20240314;100303;161.66;50;9835563873;B
20240314;100304;161.64;30;9835563930;S
20240314;100304;161.63;10;9835563931;S
20240314;100304;161.62;10;9835563932;S
20240314;100304;161.62;10;9835563933;S
20240314;100304;161.62;60;9835563934;S
20240314;100304;161.62;140;9835563935;S
20240314;100304;161.62;10;9835563936;S
20240314;100304;161.61;1070;9835563937;S
20240314;100304;161.61;740;9835563938;S
20240314;100304;161.61;1000;9835563939;S
20240314;100304;161.61;10;9835563940;S
20240314;100304;161.6;10;9835563941;S
20240314;100304;161.6;1000;9835563942;S
20240314;100304;161.6;30;9835563943;S
20240314;100304;161.6;2160;9835563944;S
20240314;100304;161.59;710;9835563945;S
20240314;100304;161.66;250;9835563984;B
20240314;100304;161.66;750;9835563985;B
20240314;100320;161.65;70;9835566606;S
20240314;100320;161.59;430;9835566607;S
20240314;100321;161.66;20;9835566687;B
20240314;100322;161.65;30;9835566767;B
20240314;100322;161.59;10;9835566824;S
20240314;100326;161.65;150;9835567367;B
20240314;100334;161.64;10;9835568781;B
20240314;100334;161.64;20;9835568846;B
20240314;100339;161.64;10;9835569592;B
20240314;100340;161.64;100;9835569818;B
20240314;100341;161.62;10;9835570115;S
20240314;100341;161.61;160;9835570116;S
20240314;100341;161.6;30;9835570117;S
20240314;100343;161.6;100;9835570868;S
20240314;100346;161.62;10;9835571396;B
20240314;100346;161.62;160;9835571425;B
20240314;100346;161.62;700;9835571426;B
20240314;100346;161.65;120;9835571427;B
20240314;100346;161.66;300;9835571428;B
20240314;100346;161.67;540;9835571429;B
20240314;100347;161.67;10;9835571720;B
20240314;100349;161.67;30;9835572061;B
20240314;100349;161.66;30;9835572183;B
20240314;100351;161.66;20;9835572508;B
20240314;100351;161.66;30;9835572523;B
20240314;100353;161.66;30;9835573185;B
20240314;100354;161.63;10;9835573209;S
20240314;100355;161.65;10;9835573594;S
20240314;100357;161.67;10;9835573921;B
20240314;100358;161.66;280;9835574019;S
20240314;100358;161.65;700;9835574020;S
20240314;100358;161.65;600;9835574021;S
20240314;100358;161.65;300;9835574022;S
20240314;100358;161.64;1280;9835574023;S
20240314;100400;161.67;10;9835574379;B
20240314;100401;161.67;20;9835574559;B
20240314;100404;161.64;40;9835575129;S
20240314;100404;161.63;690;9835575130;S
20240314;100404;161.63;300;9835575131;S
20240314;100404;161.62;770;9835575132;S
20240314;100404;161.61;1000;9835575133;S
20240314;100404;161.6;500;9835575134;S
20240314;100404;161.6;40;9835575135;S
20240314;100404;161.6;200;9835575136;S
20240314;100404;161.6;100;9835575137;S
20240314;100404;161.59;100;9835575138;S
20240314;100404;161.59;930;9835575139;S
20240314;100408;161.6;200;9835575772;S
20240314;100409;161.66;10;9835575853;B
20240314;100411;161.58;10;9835576181;S
20240314;100412;161.66;30;9835576430;B
20240314;100413;161.6;10;9835576623;S
20240314;100415;161.6;990;9835576945;S
20240314;100415;161.6;510;9835576946;S
20240314;100416;161.59;10;9835577174;S
20240314;100422;161.61;30;9835578664;S
20240314;100425;161.61;20;9835579037;S
20240314;100425;161.61;10;9835579038;S
20240314;100427;161.61;620;9835579349;S
20240314;100430;161.61;640;9835579700;S
20240314;100430;161.6;2160;9835579701;S
20240314;100430;161.6;300;9835579702;S
20240314;100430;161.59;60;9835579703;S
20240314;100430;161.59;50;9835579704;S
20240314;100430;161.58;10;9835579705;S
20240314;100430;161.58;3720;9835579706;S
20240314;100430;161.58;3720;9835579707;S
20240314;100430;161.58;50;9835579708;S
20240314;100430;161.57;1000;9835579709;S
20240314;100430;161.57;990;9835579710;S
20240314;100430;161.56;1000;9835579711;S
20240314;100430;161.56;300;9835579712;S
20240314;100430;161.56;400;9835579713;S
20240314;100430;161.56;800;9835579714;S
20240314;100430;161.56;220;9835579715;S
20240314;100430;161.56;230;9835579716;S
20240314;100430;161.55;4600;9835579717;S
20240314;100431;161.57;10;9835579824;S
20240314;100433;161.64;10;9835580221;B
20240314;100436;161.61;80;9835580804;B
20240314;100437;161.59;30;9835581016;S
20240314;100437;161.58;40;9835581017;S
20240314;100437;161.57;610;9835581018;S
20240314;100437;161.56;1000;9835581019;S
20240314;100437;161.56;2160;9835581020;S
20240314;100437;161.55;490;9835581021;S
20240314;100442;161.6;20;9835581806;B
20240314;100444;161.56;30;9835582012;S
20240314;100445;161.56;500;9835582412;S
20240314;100445;161.56;20;9835582448;S
20240314;100445;161.55;70;9835582449;S
20240314;100445;161.55;50;9835582450;S
20240314;100445;161.55;60;9835582451;S
20240314;100445;161.55;40;9835582454;S
20240314;100445;161.55;60;9835582455;S
20240314;100448;161.55;70;9835582877;S
20240314;100448;161.55;30;9835582878;S
20240314;100450;161.55;20;9835583240;S
20240314;100450;161.55;500;9835583241;S
20240314;100450;161.54;30;9835583242;S
20240314;100450;161.54;10;9835583243;S
20240314;100450;161.54;460;9835583244;S
20240314;100450;161.53;20;9835583337;S
20240314;100450;161.53;60;9835583338;S
20240314;100450;161.52;10;9835583339;S
20240314;100450;161.52;10;9835583340;S
20240314;100450;161.51;200;9835583341;S
20240314;100451;161.56;40;9835583368;S
20240314;100451;161.55;160;9835583369;S
20240314;100451;161.6;300;9835583384;B
20240314;100451;161.61;1150;9835583385;B
20240314;100451;161.62;550;9835583386;B
20240314;100453;161.55;100;9835583742;S
20240314;100453;161.55;200;9835583743;S
20240314;100454;161.6;100;9835583950;B
20240314;100454;161.57;200;9835584041;S
20240314;100455;161.56;140;9835584087;S
20240314;100455;161.56;100;9835584161;S
20240314;100455;161.56;200;9835584170;S
20240314;100456;161.59;300;9835584402;B
20240314;100456;161.6;100;9835584403;B
20240314;100456;161.57;100;9835584404;S
20240314;100456;161.57;100;9835584405;S
20240314;100457;161.57;10;9835584472;B
20240314;100457;161.57;10;9835584503;B
20240314;100458;161.56;340;9835584632;S
20240314;100500;161.57;10;9835584836;B
20240314;100500;161.56;270;9835585041;S
20240314;100501;161.56;100;9835585042;S
20240314;100501;161.57;10;9835585094;B
20240314;100502;161.56;30;9835585297;S
20240314;100502;161.55;150;9835585298;S
20240314;100502;161.55;20;9835585299;S
20240314;100502;161.55;30;9835585311;S
20240314;100502;161.53;170;9835585312;S
20240314;100502;161.52;200;9835585317;S
20240314;100502;161.52;200;9835585333;S
20240314;100502;161.52;100;9835585362;S
20240314;100502;161.52;100;9835585363;S
20240314;100502;161.52;300;9835585406;S
20240314;100503;161.53;100;9835585482;B
20240314;100503;161.56;300;9835585483;B
20240314;100503;161.56;140;9835585484;B
20240314;100503;161.57;4460;9835585485;B
20240314;100503;161.52;110;9835585532;S
20240314;100507;161.52;30;9835586173;S
20240314;100509;161.56;110;9835586447;B
20240314;100509;161.56;630;9835586448;B
20240314;100510;161.53;100;9835586677;S
20240314;100511;161.53;100;9835586742;S
20240314;100511;161.57;610;9835586784;B
20240314;100512;161.53;100;9835586965;S
20240314;100512;161.53;100;9835586974;S
20240314;100512;161.52;100;9835586975;S
20240314;100512;161.53;200;9835587003;S
20240314;100512;161.53;200;9835587005;S
20240314;100512;161.52;200;9835587019;S
20240314;100513;161.53;20;9835587028;S
20240314;100513;161.52;160;9835587029;S
20240314;100513;161.52;20;9835587030;S
20240314;100513;161.53;200;9835587034;S
20240314;100513;161.53;200;9835587045;S
20240314;100513;161.53;200;9835587054;S
20240314;100513;161.53;200;9835587066;S
20240314;100513;161.53;200;9835587083;S
20240314;100513;161.53;200;9835587098;S
20240314;100513;161.53;200;9835587108;S
20240314;100513;161.53;200;9835587114;S
20240314;100513;161.53;200;9835587123;S
20240314;100513;161.53;200;9835587127;S
20240314;100513;161.53;200;9835587132;S
20240314;100513;161.53;200;9835587135;S
20240314;100513;161.53;100;9835587138;S
20240314;100516;161.56;10;9835587410;B
20240314;100516;161.57;10;9835587434;B
20240314;100516;161.57;460;9835587511;B
20240314;100517;161.54;490;9835587724;S
20240314;100517;161.53;2500;9835587725;S
20240314;100517;161.53;300;9835587726;S
20240314;100519;161.53;10;9835587978;B
20240314;100520;161.53;200;9835588035;B
20240314;100521;161.52;480;9835588343;S
20240314;100521;161.52;4520;9835588344;S
20240314;100522;161.53;50;9835588381;B
20240314;100523;161.53;10;9835588597;B
20240314;100523;161.53;10;9835588598;B
20240314;100526;161.53;1000;9835589122;B
20240314;100527;161.52;480;9835589288;S
20240314;100530;161.52;300;9835589897;B
20240314;100531;161.52;50;9835590130;B
20240314;100533;161.51;110;9835590376;S
20240314;100533;161.51;100;9835590466;S
20240314;100535;161.51;1000;9835590739;S
20240314;100538;161.52;170;9835591133;B
20240314;100538;161.52;300;9835591134;B
20240314;100539;161.51;10;9835591356;S
20240314;100539;161.51;10;9835591361;S
20240314;100541;161.51;200;9835591754;S
20240314;100541;161.51;100;9835591755;S
20240314;100543;161.51;1270;9835591960;S
20240314;100543;161.51;10;9835591961;S
20240314;100543;161.51;20;9835591962;S
20240314;100543;161.51;30;9835591963;S
20240314;100543;161.51;200;9835591964;S
20240314;100543;161.51;10;9835591965;S
20240314;100543;161.51;960;9835591966;S
20240314;100545;161.52;30;9835592320;B
20240314;100548;161.51;30;9835592767;S
20240314;100549;161.51;200;9835592778;S
20240314;100549;161.52;10;9835592790;B
20240314;100549;161.52;10;9835592791;B
20240314;100549;161.52;440;9835592792;B
20240314;100549;161.52;540;9835592793;B
20240314;100549;161.52;20;9835592892;B
20240314;100552;161.52;10;9835593233;B
20240314;100552;161.52;10;9835593285;B
20240314;100553;161.52;610;9835593342;B
20240314;100553;161.51;30;9835593404;S
20240314;100553;161.51;10;9835593424;S
20240314;100554;161.52;10;9835593604;B
20240314;100555;161.51;40;9835593662;S
20240314;100555;161.52;340;9835593718;B
20240314;100555;161.52;660;9835593719;B
20240314;100555;161.51;120;9835593726;S
20240314;100557;161.52;40;9835593973;B
20240314;100557;161.52;300;9835593980;B
20240314;100557;161.52;800;9835593981;B
20240314;100600;161.52;1050;9835594530;S
20240314;100601;161.51;1610;9835594717;S
20240314;100601;161.51;10;9835594718;S
20240314;100601;161.51;20;9835594719;S
20240314;100601;161.51;10;9835594720;S
20240314;100601;161.51;50;9835594721;S
20240314;100601;161.51;500;9835594722;S
20240314;100601;161.51;2170;9835594723;S
20240314;100601;161.51;10;9835594724;S
20240314;100601;161.51;250;9835594725;S
20240314;100601;161.51;10;9835594726;S
20240314;100601;161.51;50;9835594727;S
20240314;100602;161.51;10;9835595009;B
20240314;100602;161.51;10;9835595013;B
20240314;100602;161.5;10;9835595017;S
20240314;100602;161.5;10;9835595018;S
20240314;100602;161.5;10;9835595019;S
20240314;100602;161.5;50;9835595020;S
20240314;100602;161.5;10;9835595021;S
20240314;100602;161.5;50;9835595022;S
20240314;100602;161.5;10;9835595023;S
20240314;100602;161.5;10;9835595024;S
20240314;100602;161.5;1950;9835595025;S
20240314;100604;161.51;10;9835595295;B
20240314;100604;161.51;10;9835595299;B
20240314;100606;161.5;8050;9835595646;S
20240314;100606;161.5;50;9835595647;S
20240314;100606;161.5;30;9835595648;S
20240314;100606;161.5;20;9835595649;S
20240314;100606;161.5;40;9835595650;S
20240314;100606;161.5;10;9835595651;S
20240314;100606;161.5;1400;9835595652;S
20240314;100606;161.5;30;9835595653;S
20240314;100606;161.5;10;9835595654;S
20240314;100606;161.5;1000;9835595655;S
20240314;100606;161.5;30;9835595656;S
20240314;100606;161.5;40;9835595657;S
20240314;100606;161.5;100;9835595658;S
20240314;100606;161.5;100;9835595659;S
20240314;100606;161.5;10;9835595660;S
20240314;100606;161.49;570;9835595661;S
20240314;100607;161.47;90;9835595785;S
20240314;100607;161.48;100;9835595864;B
20240314;100608;161.47;50;9835595888;S
20240314;100608;161.47;850;9835595892;S
20240314;100608;161.46;4150;9835595893;S
20240314;100609;161.47;10;9835596198;B
20240314;100609;161.47;10;9835596262;B
20240314;100612;161.46;90;9835596591;S
20240314;100612;161.47;50;9835596696;B
20240314;100614;161.46;100;9835597060;S
20240314;100614;161.46;100;9835597080;S
20240314;100614;161.46;100;9835597100;S
20240314;100614;161.46;100;9835597125;S
20240314;100614;161.46;100;9835597135;S
20240314;100615;161.46;100;9835597142;S
20240314;100615;161.46;100;9835597169;S
20240314;100615;161.46;60;9835597172;S
20240314;100615;161.46;10;9835597173;S
20240314;100615;161.46;30;9835597174;S
20240314;100615;161.46;20;9835597187;S
20240314;100615;161.45;80;9835597188;S
20240314;100615;161.45;100;9835597202;S
20240314;100615;161.45;20;9835597203;S
20240314;100615;161.45;100;9835597214;S
20240314;100615;161.45;100;9835597227;S
20240314;100615;161.45;100;9835597240;S
20240314;100615;161.45;100;9835597272;S
20240314;100616;161.45;100;9835597296;S
20240314;100616;161.45;50;9835597326;S
20240314;100616;161.45;50;9835597327;S
20240314;100616;161.45;50;9835597335;S
20240314;100616;161.45;50;9835597336;S
20240314;100616;161.45;20;9835597366;S
20240314;100616;161.45;50;9835597367;S
20240314;100616;161.44;30;9835597368;S
20240314;100616;161.44;70;9835597383;S
20240314;100616;161.44;30;9835597384;S
20240314;100617;161.44;10;9835597545;B
20240314;100618;161.45;300;9835597665;B
20240314;100618;161.45;100;9835597666;B
20240314;100618;161.46;210;9835597667;B
20240314;100619;161.44;10;9835597748;B
20240314;100620;161.44;120;9835597903;B
20240314;100621;161.44;10;9835598010;B
20240314;100624;161.44;20;9835598414;B
20240314;100627;161.43;50;9835598744;S
20240314;100627;161.43;50;9835598745;S
20240314;100627;161.43;500;9835598746;S
20240314;100627;161.43;550;9835598747;S
20240314;100627;161.42;30;9835598748;S
20240314;100627;161.42;500;9835598749;S
20240314;100627;161.42;500;9835598750;S
20240314;100627;161.42;500;9835598751;S
20240314;100627;161.42;300;9835598752;S
20240314;100627;161.41;10;9835598753;S
20240314;100627;161.41;3210;9835598754;S
20240314;100628;161.41;10;9835598901;S
20240314;100629;161.42;20;9835599010;B
20240314;100629;161.41;190;9835599064;S
20240314;100629;161.42;700;9835599065;B
20240314;100630;161.42;80;9835599190;B
20240314;100630;161.43;2160;9835599191;B
20240314;100630;161.44;640;9835599192;B
20240314;100630;161.44;550;9835599193;B
20240314;100630;161.44;30;9835599194;B
20240314;100630;161.46;790;9835599195;B
20240314;100630;161.46;20;9835599196;B
20240314;100630;161.47;1290;9835599197;B
20240314;100630;161.47;300;9835599198;B
20240314;100630;161.48;260;9835599199;B
20240314;100631;161.47;300;9835599260;B
20240314;100632;161.47;500;9835599388;B
20240314;100632;161.47;350;9835599389;B
20240314;100633;161.43;10;9835599532;S
20240314;100635;161.46;10;9835599798;B
20240314;100637;161.46;100;9835600021;B
20240314;100640;161.46;10;9835600952;B
20240314;100640;161.46;100;9835601014;B
20240314;100641;161.46;580;9835601118;B
20240314;100641;161.46;2160;9835601119;B
20240314;100641;161.46;500;9835601120;B
20240314;100641;161.46;320;9835601186;S
20240314;100643;161.47;70;9835601477;B
20240314;100643;161.46;10;9835601561;S
20240314;100647;161.48;800;9835602096;B
20240314;100647;161.49;400;9835602097;B
20240314;100649;161.49;50;9835602285;B
20240314;100649;161.47;10;9835602296;S
20240314;100649;161.49;500;9835602300;B
20240314;100650;161.49;10;9835602542;B
20240314;100656;161.46;1430;9835603345;S
20240314;100656;161.46;150;9835603346;S
20240314;100658;161.47;10;9835603563;B
20240314;100701;161.47;10;9835603983;B
20240314;100703;161.47;10;9835604275;B
20240314;100704;161.46;10;9835604326;S
20240314;100706;161.46;200;9835604637;S
20240314;100709;161.46;20;9835605077;S
20240314;100714;161.47;770;9835605757;B
20240314;100714;161.47;2160;9835605758;B
20240314;100714;161.47;3270;9835605759;B
20240314;100714;161.47;2000;9835605760;B
20240314;100714;161.47;1000;9835605761;B
20240314;100714;161.47;800;9835605762;B
20240314;100715;161.46;90;9835605870;S
20240314;100717;161.47;10;9835606207;B
20240314;100718;161.47;720;9835606395;B
20240314;100718;161.47;2000;9835606396;B
20240314;100718;161.47;380;9835606397;B
20240314;100718;161.46;20;9835606422;S
20240314;100719;161.47;100;9835606520;B
20240314;100720;161.46;1530;9835606579;S
20240314;100720;161.46;10;9835606580;S
20240314;100720;161.46;50;9835606581;S
20240314;100720;161.46;100;9835606582;S
20240314;100720;161.46;130;9835606583;S
20240314;100720;161.46;1000;9835606584;S
20240314;100720;161.46;50;9835606585;S
20240314;100720;161.46;50;9835606586;S
20240314;100720;161.46;100;9835606587;S
20240314;100720;161.46;100;9835606588;S
20240314;100720;161.46;400;9835606589;S
20240314;100720;161.45;100;9835606590;S
20240314;100720;161.45;10;9835606591;S
20240314;100720;161.45;370;9835606592;S
20240314;100721;161.46;100;9835606738;B
20240314;100721;161.46;100;9835606810;B
20240314;100722;161.46;200;9835606892;B
20240314;100722;161.45;10;9835606950;S
20240314;100723;161.46;50;9835607022;B
20240314;100723;161.46;1550;9835607089;B
20240314;100723;161.46;2000;9835607090;B
20240314;100723;161.47;2360;9835607091;B
20240314;100723;161.46;50;9835607104;S
20240314;100732;161.47;3000;9835608137;B
20240314;100732;161.47;2000;9835608138;B
20240314;100732;161.47;40;9835608139;B
20240314;100732;161.47;700;9835608140;B
20240314;100732;161.47;360;9835608142;B
20240314;100732;161.47;160;9835608143;B
20240314;100733;161.47;30;9835608285;B
20240314;100733;161.47;10;9835608329;B
20240314;100735;161.47;500;9835608867;B
20240314;100737;161.46;50;9835609281;S
20240314;100739;161.46;10;9835609470;S
20240314;100739;161.46;40;9835609521;S
20240314;100740;161.47;10;9835609584;B
20240314;100749;161.47;90;9835610984;B
20240314;100757;161.47;10;9835612519;B
20240314;100757;161.46;1860;9835612573;S
20240314;100757;161.46;200;9835612574;S
20240314;100757;161.46;30;9835612575;S
20240314;100757;161.46;630;9835612576;S
20240314;100757;161.46;300;9835612577;S
20240314;100757;161.46;390;9835612578;S
20240314;100758;161.47;20;9835612814;B
20240314;100801;161.46;150;9835613221;S
20240314;100802;161.46;460;9835613361;S
20240314;100802;161.46;20;9835613362;S
20240314;100802;161.46;550;9835613363;S
20240314;100802;161.46;10;9835613364;S
20240314;100802;161.46;520;9835613365;S
20240314;100802;161.46;10;9835613366;S
20240314;100803;161.46;10;9835613542;B
20240314;100805;161.45;40;9835613846;S
20240314;100806;161.46;60;9835614007;B
20240314;100807;161.45;10;9835614285;S
20240314;100809;161.45;250;9835614578;S
20240314;100809;161.45;10;9835614605;S
20240314;100810;161.46;26270;9835614732;B
20240314;100810;161.46;800;9835614733;B
20240314;100810;161.46;4200;9835614734;B
20240314;100810;161.46;2000;9835614735;B
20240314;100810;161.46;2160;9835614736;B
20240314;100810;161.46;540;9835614737;B
20240314;100810;161.47;1970;9835614738;B
20240314;100810;161.47;320;9835614739;B
20240314;100810;161.47;10;9835614740;B
20240314;100810;161.47;1000;9835614741;B
20240314;100810;161.47;10;9835614742;B
20240314;100810;161.47;10;9835614743;B
20240314;100810;161.47;10;9835614744;B
20240314;100810;161.47;10;9835614745;B
20240314;100810;161.47;300;9835614746;B
20240314;100810;161.47;370;9835614747;B
20240314;100810;161.48;20;9835614748;B
20240314;100810;161.49;50;9835614749;B
20240314;100810;161.49;60;9835614750;B
20240314;100810;161.5;1000;9835614751;B
20240314;100810;161.5;500;9835614752;B
20240314;100810;161.5;2000;9835614753;B
20240314;100810;161.5;300;9835614754;B
20240314;100810;161.51;200;9835614755;B
20240314;100810;161.51;1000;9835614756;B
20240314;100810;161.51;230;9835614757;B
20240314;100810;161.52;1000;9835614758;B
20240314;100810;161.52;20;9835614759;B
20240314;100810;161.52;10;9835614760;B
20240314;100810;161.52;230;9835614761;B
20240314;100810;161.52;1860;9835614762;B
20240314;100810;161.53;1540;9835614763;B
20240314;100810;161.46;550;9835614779;S
20240314;100810;161.46;1000;9835614780;S
20240314;100810;161.46;60;9835614781;S
20240314;100810;161.45;8000;9835614782;S
20240314;100811;161.46;10;9835615013;B
20240314;100813;161.46;50;9835615397;B
20240314;100814;161.46;70;9835615539;B
20240314;100814;161.46;20;9835615654;B
20240314;100819;161.46;100;9835616656;B
20240314;100820;161.45;1260;9835616829;S
20240314;100822;161.45;10;9835617029;S
20240314;100822;161.46;10;9835617067;B
20240314;100823;161.45;10;9835617246;S
20240314;100823;161.46;990;9835617247;B
20240314;100823;161.45;30;9835617279;S
20240314;100823;161.45;500;9835617280;S
20240314;100823;161.45;50;9835617281;S
20240314;100823;161.45;250;9835617282;S
20240314;100826;161.46;10;9835617741;B
20240314;100826;161.45;100;9835617813;S
20240314;100826;161.46;740;9835617852;B
20240314;100826;161.46;50;9835617853;B
20240314;100827;161.45;120;9835618098;S
20240314;100828;161.46;10;9835618156;B
20240314;100829;161.45;200;9835618364;S
20240314;100833;161.46;1000;9835618945;B
20240314;100834;161.45;2030;9835619109;S
20240314;100834;161.46;970;9835619117;B
20240314;100836;161.45;10;9835619452;S
20240314;100836;161.46;10;9835619533;B
20240314;100837;161.46;30;9835619589;B
20240314;100839;161.46;30;9835619923;B
20240314;100839;161.45;3000;9835619944;S
20240314;100842;161.45;30;9835620332;S
20240314;100842;161.45;4260;9835620396;S
20240314;100842;161.45;10;9835620397;S
20240314;100842;161.45;100;9835620398;S
20240314;100842;161.45;50;9835620399;S
20240314;100842;161.45;3580;9835620400;S
20240314;100842;161.45;8000;9835620419;S
20240314;100842;161.45;8000;9835620424;S
20240314;100842;161.45;420;9835620435;S
20240314;100842;161.45;10;9835620436;S
20240314;100842;161.44;100;9835620437;S
20240314;100842;161.43;30;9835620438;S
20240314;100842;161.43;100;9835620439;S
20240314;100842;161.43;130;9835620440;S
20240314;100842;161.43;10;9835620500;B
20240314;100843;161.42;1140;9835620614;S
20240314;100843;161.42;50;9835620660;S
20240314;100843;161.42;810;9835620669;S
20240314;100843;161.42;100;9835620670;S
20240314;100843;161.41;2590;9835620672;S
20240314;100843;161.41;100;9835620673;S
20240314;100843;161.41;500;9835620674;S
20240314;100843;161.41;20;9835620675;S
20240314;100843;161.41;10;9835620676;S
20240314;100843;161.41;500;9835620677;S
20240314;100843;161.41;20;9835620678;S
20240314;100843;161.41;10;9835620679;S
20240314;100844;161.4;10;9835620743;S
20240314;100844;161.4;10;9835620744;S
20240314;100844;161.4;50;9835620745;S
20240314;100844;161.4;2000;9835620746;S
20240314;100844;161.4;10;9835620747;S
20240314;100844;161.4;200;9835620748;S
20240314;100844;161.4;10;9835620749;S
20240314;100844;161.4;40;9835620750;S
20240314;100844;161.4;1000;9835620751;S
20240314;100844;161.4;50;9835620752;S
20240314;100844;161.4;20;9835620753;S
20240314;100844;161.4;10;9835620754;S
20240314;100844;161.4;10;9835620755;S
20240314;100844;161.4;500;9835620756;S
20240314;100844;161.4;50;9835620757;S
20240314;100844;161.4;1000;9835620758;S
20240314;100844;161.4;50;9835620759;S
20240314;100844;161.4;1000;9835620760;S
20240314;100844;161.4;10;9835620761;S
20240314;100844;161.4;100;9835620762;S
20240314;100844;161.4;130;9835620763;S
20240314;100844;161.4;100;9835620765;B
20240314;100844;161.39;100;9835620772;S
20240314;100844;161.39;10;9835620773;S
20240314;100844;161.38;10;9835620801;S
20240314;100844;161.38;100;9835620802;S
20240314;100844;161.38;3700;9835620803;S
20240314;100844;161.38;100;9835620804;S
20240314;100844;161.38;20;9835620805;S
20240314;100844;161.38;360;9835620806;S
20240314;100844;161.38;40;9835620807;S
20240314;100844;161.37;10;9835620870;S
20240314;100844;161.37;370;9835620871;S
20240314;100844;161.37;10;9835620872;S
20240314;100844;161.37;300;9835620873;S
20240314;100844;161.37;20;9835620874;S
20240314;100844;161.37;10;9835620875;S
20240314;100844;161.37;500;9835620876;S
20240314;100844;161.37;10;9835620877;S
20240314;100844;161.37;100;9835620878;S
20240314;100844;161.36;1000;9835620879;S
20240314;100844;161.36;70;9835620880;S
20240314;100844;161.36;80;9835620882;S
20240314;100844;161.36;420;9835620883;S
20240314;100844;161.36;190;9835620884;S
20240314;100844;161.36;10;9835620885;S
20240314;100844;161.36;10;9835620886;S
20240314;100844;161.36;10;9835620887;S
20240314;100844;161.36;10;9835620888;S
20240314;100844;161.36;50;9835620889;S
20240314;100844;161.35;50;9835620891;S
20240314;100844;161.35;30;9835620892;S
20240314;100844;161.35;50;9835620893;S
20240314;100844;161.35;270;9835620894;S
20240314;100844;161.35;50;9835620905;S
20240314;100844;161.35;7110;9835620910;S
20240314;100844;161.35;90;9835620911;S
20240314;100844;161.35;480;9835620964;S
20240314;100844;161.34;10;9835620965;S
20240314;100844;161.34;400;9835620966;S
20240314;100844;161.34;10;9835620967;S
20240314;100844;161.34;10;9835620968;S
20240314;100844;161.34;10;9835620969;S
20240314;100844;161.34;10;9835620970;S
20240314;100844;161.34;500;9835620971;S
20240314;100844;161.34;100;9835620972;S
20240314;100844;161.34;40;9835620973;S
20240314;100844;161.33;10;9835620974;S
20240314;100844;161.33;10;9835620975;S
20240314;100844;161.33;10;9835620976;S
20240314;100844;161.33;10;9835620977;S
20240314;100844;161.33;10;9835620978;S
20240314;100844;161.33;10;9835620979;S
20240314;100844;161.33;880;9835620980;S
20240314;100844;161.32;20;9835620981;S
20240314;100844;161.32;40;9835620982;S
20240314;100844;161.32;200;9835620983;S
20240314;100844;161.32;300;9835620984;S
20240314;100844;161.32;10;9835620985;S
20240314;100844;161.31;10;9835620986;S
20240314;100844;161.3;30;9835620987;S
20240314;100844;161.3;10;9835620988;S
20240314;100844;161.3;50;9835620989;S
20240314;100844;161.3;500;9835620990;S
20240314;100844;161.3;50;9835620991;S
20240314;100844;161.3;10;9835620992;S
20240314;100844;161.3;30;9835620993;S
20240314;100844;161.3;10;9835620994;S
20240314;100844;161.3;100;9835620995;S
20240314;100844;161.3;40;9835620996;S
20240314;100844;161.3;20;9835620997;S
20240314;100844;161.29;130;9835621058;S
20240314;100844;161.29;300;9835621059;S
20240314;100844;161.27;10;9835621060;S
20240314;100844;161.27;60;9835621061;S
20240314;100845;161.27;220;9835621177;S
20240314;100845;161.28;200;9835621198;B
20240314;100845;161.28;10;9835621199;B
20240314;100845;161.27;50;9835621252;S
20240314;100845;161.27;80;9835621289;S
20240314;100846;161.28;660;9835621392;B
20240314;100846;161.28;1000;9835621393;B
20240314;100846;161.28;800;9835621394;B
20240314;100846;161.28;300;9835621395;B
20240314;100846;161.28;3900;9835621396;B
20240314;100846;161.28;350;9835621397;B
20240314;100846;161.3;60;9835621398;B
20240314;100846;161.3;1000;9835621399;B
20240314;100846;161.3;800;9835621400;B
20240314;100846;161.3;550;9835621401;B
20240314;100846;161.31;8000;9835621402;B
20240314;100846;161.31;300;9835621403;B
20240314;100846;161.33;500;9835621404;B
20240314;100846;161.33;780;9835621405;B
20240314;100846;161.31;90;9835621471;B
20240314;100846;161.3;50;9835621514;S
20240314;100846;161.29;30;9835621515;S
20240314;100847;161.31;70;9835621577;B
20240314;100848;161.3;20;9835621774;B
20240314;100849;161.3;330;9835621980;B
20240314;100851;161.31;840;9835622241;B
20240314;100851;161.31;590;9835622242;B
20240314;100851;161.31;210;9835622248;B
20240314;100851;161.31;2000;9835622249;B
20240314;100858;161.29;10;9835623478;S
20240314;100858;161.3;10;9835623570;B
20240314;100859;161.3;10;9835623875;B
20240314;100901;161.3;980;9835624099;B
20240314;100901;161.32;330;9835624100;S
20240314;100901;161.32;20;9835624132;S
20240314;100901;161.32;70;9835624159;S
20240314;100902;161.3;10;9835624290;B
20240314;100902;161.29;60;9835624299;S
20240314;100902;161.29;50;9835624300;S
20240314;100902;161.29;50;9835624301;S
20240314;100902;161.29;500;9835624302;S
20240314;100902;161.29;500;9835624303;S
20240314;100902;161.28;500;9835624308;S
20240314;100902;161.28;470;9835624309;S
20240314;100903;161.28;30;9835624592;S
20240314;100903;161.27;590;9835624593;S
20240314;100903;161.27;100;9835624594;S
20240314;100903;161.27;10;9835624595;S
20240314;100903;161.27;10;9835624596;S
20240314;100903;161.27;10;9835624597;S
20240314;100903;161.27;10;9835624598;S
20240314;100903;161.27;10;9835624599;S
20240314;100903;161.27;10;9835624600;S
20240314;100903;161.27;10;9835624601;S
20240314;100903;161.27;10;9835624602;S
20240314;100903;161.27;10;9835624603;S
20240314;100903;161.27;10;9835624604;S
20240314;100903;161.27;10;9835624605;S
20240314;100903;161.27;10;9835624606;S
20240314;100903;161.27;10;9835624607;S
20240314;100903;161.27;10;9835624608;S
20240314;100903;161.27;10;9835624609;S
20240314;100903;161.27;10;9835624610;S
20240314;100903;161.27;10;9835624611;S
20240314;100903;161.27;10;9835624612;S
20240314;100903;161.27;10;9835624613;S
20240314;100903;161.27;10;9835624614;S
20240314;100903;161.27;10;9835624615;S
20240314;100903;161.27;10;9835624616;S
20240314;100903;161.27;10;9835624617;S
20240314;100903;161.27;10;9835624618;S
20240314;100903;161.27;10;9835624619;S
20240314;100903;161.27;10;9835624620;S
20240314;100903;161.27;10;9835624621;S
20240314;100903;161.27;10;9835624622;S
20240314;100903;161.27;10;9835624623;S
20240314;100903;161.27;10;9835624624;S
20240314;100903;161.27;10;9835624625;S
20240314;100903;161.27;10;9835624626;S
20240314;100903;161.27;10;9835624627;S
20240314;100903;161.27;10;9835624628;S
20240314;100903;161.27;10;9835624629;S
20240314;100903;161.27;10;9835624630;S
20240314;100903;161.27;10;9835624631;S
20240314;100903;161.27;10;9835624632;S
20240314;100903;161.27;10;9835624633;S
20240314;100903;161.27;20;9835624634;S
20240314;100903;161.27;40;9835624635;S
20240314;100903;161.27;10;9835624636;S
20240314;100903;161.26;20;9835624637;S
20240314;100903;161.26;2000;9835624638;S
20240314;100903;161.26;1000;9835624639;S
20240314;100903;161.26;30;9835624640;S
20240314;100903;161.26;10;9835624647;B
20240314;100903;161.26;50;9835624679;B
20240314;100905;161.26;30;9835624928;B
20240314;100906;161.26;100;9835625139;B
20240314;100906;161.25;50;9835625210;S
20240314;100906;161.25;100;9835625211;S
20240314;100907;161.26;80;9835625426;B
20240314;100908;161.26;10;9835625509;B
20240314;100908;161.26;720;9835625511;B
20240314;100908;161.26;280;9835625512;B
20240314;100910;161.26;10;9835625861;B
20240314;100910;161.26;100;9835625865;B
20240314;100912;161.26;500;9835626063;B
20240314;100912;161.25;10;9835626077;S
20240314;100912;161.25;50;9835626078;S
20240314;100912;161.25;620;9835626079;S
20240314;100912;161.25;50;9835626080;S
20240314;100912;161.23;5000;9835626081;S
20240314;100912;161.23;250;9835626082;S
20240314;100912;161.23;2000;9835626083;S
20240314;100912;161.23;30;9835626084;S
20240314;100913;161.23;50;9835626348;B
20240314;100913;161.23;30;9835626371;B
20240314;100913;161.23;720;9835626437;B
20240314;100913;161.23;2000;9835626438;B
20240314;100913;161.23;1000;9835626439;B
20240314;100913;161.23;5000;9835626440;B
20240314;100913;161.23;1280;9835626441;B
20240314;100914;161.23;400;9835626530;B
20240314;100915;161.22;10;9835626959;S
20240314;100915;161.22;10;9835626960;S
20240314;100915;161.22;10;9835626961;S
20240314;100915;161.22;10;9835626962;S
20240314;100915;161.22;10;9835626963;S
20240314;100915;161.22;10;9835626964;S
20240314;100915;161.22;10;9835626965;S
20240314;100915;161.22;10;9835626966;S
20240314;100915;161.22;10;9835626967;S
20240314;100915;161.22;10;9835626968;S
20240314;100915;161.22;10;9835626969;S
20240314;100915;161.22;70;9835626970;S
20240314;100916;161.23;10;9835627164;B
20240314;100917;161.23;310;9835627277;B
20240314;100917;161.23;2000;9835627278;B
20240314;100917;161.23;690;9835627279;B
20240314;100919;161.22;30;9835627631;S
20240314;100919;161.22;10;9835627632;S
20240314;100919;161.22;100;9835627751;B
20240314;100920;161.21;60;9835627821;S
20240314;100920;161.22;10;9835627880;B
20240314;100922;161.21;140;9835628358;S
20240314;100922;161.21;10;9835628359;S
20240314;100922;161.21;10;9835628360;S
20240314;100922;161.21;10;9835628361;S
20240314;100922;161.21;400;9835628362;S
20240314;100922;161.21;10;9835628363;S
20240314;100922;161.2;40;9835628364;S
20240314;100922;161.22;10;9835628389;B
20240314;100922;161.22;50;9835628439;B
20240314;100922;161.22;300;9835628531;B
20240314;100923;161.22;1200;9835628852;B
20240314;100924;161.21;140;9835628918;S
20240314;100925;161.22;100;9835629176;B
20240314;100925;161.22;10;9835629202;B
20240314;100925;161.22;10;9835629237;B
20240314;100929;161.21;360;9835629935;S
20240314;100929;161.21;1860;9835629936;S
20240314;100929;161.21;200;9835629937;S
20240314;100929;161.21;10000;9835629938;S
20240314;100929;161.21;300;9835629939;S
20240314;100929;161.2;960;9835629940;S
20240314;100929;161.2;10;9835629941;S
20240314;100929;161.2;50;9835629942;S
20240314;100929;161.2;10;9835629943;S
20240314;100929;161.2;100;9835629944;S
20240314;100929;161.2;350;9835629945;S
20240314;100929;161.2;50;9835629946;S
20240314;100929;161.2;10;9835629947;S
20240314;100929;161.2;50;9835629948;S
20240314;100929;161.2;20;9835629949;S
20240314;100929;161.2;10;9835629950;S
20240314;100929;161.2;10;9835629951;S
20240314;100929;161.2;40;9835629952;S
20240314;100929;161.2;300;9835629953;S
20240314;100929;161.2;10;9835629954;S
20240314;100929;161.2;10;9835629955;S
20240314;100929;161.2;100;9835629956;S
20240314;100929;161.2;1000;9835629957;S
20240314;100929;161.2;100;9835629958;S
20240314;100929;161.2;10;9835629959;S
20240314;100929;161.2;100;9835629960;S
20240314;100929;161.2;10;9835629961;S
20240314;100929;161.2;50;9835629962;S
20240314;100929;161.2;1000;9835629963;S
20240314;100929;161.2;1000;9835629964;S
20240314;100929;161.2;720;9835629965;S
20240314;100929;161.19;110;9835629966;S
20240314;100929;161.19;350;9835629967;S
20240314;100929;161.18;500;9835629968;S
20240314;100929;161.18;200;9835629969;S
20240314;100929;161.18;50;9835629970;S
20240314;100929;161.18;10;9835629971;S
20240314;100929;161.18;200;9835629972;S
20240314;100929;161.18;10;9835629973;S
20240314;100929;161.18;10;9835629974;S
20240314;100929;161.18;300;9835629975;S
20240314;100929;161.17;610;9835629976;S
20240314;100929;161.17;100;9835629977;S
20240314;100929;161.17;1000;9835629978;S
20240314;100929;161.17;60;9835629979;S
20240314;100929;161.16;610;9835629980;S
20240314;100929;161.16;2000;9835629981;S
20240314;100929;161.16;1600;9835629982;S
20240314;100929;161.16;10;9835629983;S
20240314;100929;161.16;50;9835629984;S
20240314;100929;161.16;500;9835629985;S
20240314;100929;161.16;40;9835629986;S
20240314;100929;161.16;200;9835629987;S
20240314;100929;161.16;100;9835629988;S
20240314;100929;161.15;2000;9835629989;S
20240314;100929;161.15;990;9835629990;S
20240314;100929;161.15;100;9835629991;S
20240314;100929;161.15;100;9835629992;S
20240314;100929;161.15;1000;9835629993;S
20240314;100929;161.15;2000;9835629994;S
20240314;100929;161.15;10;9835629995;S
20240314;100929;161.15;200;9835629996;S
20240314;100929;161.15;200;9835629997;S
20240314;100929;161.15;1000;9835629998;S
20240314;100929;161.15;10;9835629999;S
20240314;100929;161.15;50;9835630000;S
20240314;100929;161.15;40;9835630001;S
20240314;100929;161.14;200;9835630002;S
20240314;100929;161.14;1000;9835630003;S
20240314;100929;161.14;800;9835630004;S
20240314;100929;161.13;10;9835630005;S
20240314;100929;161.13;30;9835630006;S
20240314;100929;161.13;500;9835630007;S
20240314;100929;161.13;20;9835630008;S
20240314;100929;161.13;100;9835630009;S
20240314;100929;161.13;10;9835630010;S
20240314;100929;161.13;1000;9835630011;S
20240314;100929;161.13;50;9835630012;S
20240314;100929;161.13;50;9835630013;S
20240314;100929;161.12;10;9835630014;S
20240314;100929;161.12;320;9835630015;S
20240314;100929;161.12;1000;9835630016;S
20240314;100929;161.12;200;9835630017;S
20240314;100929;161.12;2500;9835630018;S
20240314;100929;161.12;10;9835630019;S
20240314;100929;161.12;20;9835630020;S
20240314;100929;161.12;10;9835630021;S
20240314;100929;161.12;200;9835630022;S
20240314;100929;161.12;40;9835630023;S
20240314;100929;161.12;1000;9835630024;S
20240314;100929;161.12;800;9835630025;S
20240314;100929;161.12;1000;9835630026;S
20240314;100929;161.12;5000;9835630027;S
20240314;100929;161.12;10;9835630028;S
20240314;100929;161.11;50;9835630029;S
20240314;100929;161.11;10;9835630030;S
20240314;100929;161.11;50000;9835630031;S
20240314;100929;161.11;310;9835630032;S
20240314;100929;161.11;10;9835630033;S
20240314;100929;161.11;100;9835630034;S
20240314;100929;161.11;1000;9835630035;S
20240314;100929;161.1;10;9835630036;S
20240314;100929;161.1;10;9835630037;S
20240314;100929;161.1;2000;9835630038;S
20240314;100929;161.1;1000;9835630039;S
20240314;100929;161.1;20;9835630040;S
20240314;100929;161.1;10;9835630041;S
20240314;100929;161.1;60;9835630042;S
20240314;100929;161.1;10;9835630043;S
20240314;100929;161.1;10;9835630044;S
20240314;100929;161.1;10;9835630045;S
20240314;100929;161.1;50;9835630046;S
20240314;100929;161.1;490;9835630047;S
20240314;100929;161.1;100;9835630048;S
20240314;100929;161.1;2000;9835630049;S
20240314;100929;161.1;200;9835630050;S
20240314;100929;161.1;350;9835630051;S
20240314;100929;161.1;10;9835630052;S
20240314;100929;161.1;50;9835630053;S
20240314;100929;161.1;350;9835630054;S
20240314;100929;161.1;20;9835630055;S
20240314;100929;161.1;350;9835630056;S
20240314;100929;161.1;10;9835630057;S
20240314;100929;161.1;10;9835630058;S
20240314;100929;161.1;10;9835630059;S
20240314;100929;161.1;10;9835630060;S
20240314;100929;161.1;10;9835630061;S
20240314;100929;161.1;10;9835630062;S
20240314;100929;161.1;10;9835630063;S
20240314;100929;161.1;10;9835630064;S
20240314;100929;161.1;10;9835630065;S
20240314;100929;161.1;10;9835630066;S
20240314;100929;161.1;10;9835630067;S
20240314;100929;161.1;10;9835630068;S
20240314;100929;161.1;10;9835630069;S
20240314;100929;161.1;10;9835630070;S
20240314;100929;161.1;10;9835630071;S
20240314;100929;161.1;200;9835630072;S
20240314;100929;161.1;1000;9835630073;S
20240314;100929;161.1;8000;9835630074;S
20240314;100929;161.1;2170;9835630075;S
20240314;100929;161.09;10;9835630076;S
20240314;100929;161.09;100;9835630077;S
20240314;100929;161.09;20;9835630078;S
20240314;100929;161.09;10;9835630079;S
20240314;100929;161.09;1280;9835630080;S
20240314;100929;161.09;230;9835630081;S
20240314;100929;161.09;1000;9835630082;S
20240314;100929;161.09;8000;9835630083;S
20240314;100929;161.09;8000;9835630084;S
20240314;100929;161.08;100;9835630085;S
20240314;100929;161.08;1100;9835630086;S
20240314;100929;161.08;200;9835630087;S
20240314;100929;161.08;230;9835630088;S
20240314;100929;161.08;1000;9835630089;S
20240314;100929;161.07;10;9835630090;S
20240314;100929;161.07;5000;9835630091;S
20240314;100929;161.07;200;9835630092;S
20240314;100929;161.07;20;9835630093;S
20240314;100929;161.07;500;9835630094;S
20240314;100929;161.07;60;9835630095;S
20240314;100929;161.07;10;9835630096;S
20240314;100929;161.07;230;9835630097;S
20240314;100929;161.07;1000;9835630098;S
20240314;100929;161.07;8000;9835630099;S
20240314;100929;161.06;20;9835630100;S
20240314;100929;161.06;5000;9835630101;S
20240314;100929;161.06;20;9835630102;S
20240314;100929;161.06;20;9835630103;S
20240314;100929;161.06;30;9835630104;S
20240314;100929;161.06;10;9835630105;S
20240314;100929;161.06;10;9835630106;S
20240314;100929;161.06;10;9835630107;S
20240314;100929;161.06;110;9835630108;S
20240314;100929;161.06;50;9835630109;S
20240314;100929;161.06;230;9835630110;S
20240314;100929;161.06;1000;9835630111;S
20240314;100929;161.05;30;9835630112;S
20240314;100929;161.05;10;9835630113;S
20240314;100929;161.05;100;9835630114;S
20240314;100929;161.05;30;9835630115;S
20240314;100929;161.05;200;9835630116;S
20240314;100929;161.05;250;9835630117;S
20240314;100929;161.05;500;9835630118;S
20240314;100929;161.05;10;9835630119;S
20240314;100929;161.05;230;9835630120;S
20240314;100929;161.05;1000;9835630121;S
20240314;100929;161.05;20;9835630122;S
20240314;100929;161.04;200;9835630123;S
20240314;100929;161.04;10;9835630124;S
20240314;100929;161.04;230;9835630125;S
20240314;100929;161.04;1000;9835630126;S
20240314;100929;161.03;100;9835630127;S
20240314;100929;161.03;10;9835630128;S
20240314;100929;161.03;1000;9835630129;S
20240314;100929;161.03;10;9835630130;S
20240314;100929;161.03;230;9835630131;S
20240314;100929;161.02;210;9835630132;S
20240314;100929;161.02;20000;9835630133;S
20240314;100929;161.02;100;9835630134;S
20240314;100929;161.02;230;9835630135;S
20240314;100929;161.01;20;9835630136;S
20240314;100929;161.01;19000;9835630137;S
20240314;100929;161.01;100;9835630138;S
20240314;100929;161.01;10;9835630139;S
20240314;100929;161.01;110;9835630140;S
20240314;100929;161.01;5000;9835630141;S
20240314;100929;161.01;100;9835630142;S
20240314;100929;161.01;10;9835630143;S
20240314;100929;161.01;10;9835630144;S
20240314;100929;161.01;10;9835630145;S
20240314;100929;161.01;10;9835630146;S
20240314;100929;161.01;100;9835630147;S
20240314;100929;161.01;10;9835630148;S
20240314;100929;161.01;50;9835630149;S
20240314;100929;161.01;10;9835630150;S
20240314;100929;161.01;1210;9835630151;S
20240314;100929;161.01;700;9835630152;S
20240314;100929;161.01;10;9835630153;S
20240314;100929;161.01;50;9835630154;S
20240314;100929;161.01;50;9835630155;S
20240314;100929;161.01;230;9835630156;S
20240314;100929;161;100;9835630157;S
20240314;100929;161;2000;9835630158;S
20240314;100929;161;10;9835630159;S
20240314;100929;161;100;9835630160;S
20240314;100929;161;250;9835630161;S
20240314;100929;161;160;9835630162;S
20240314;100929;161;10;9835630163;S
20240314;100929;161;1290;9835630164;S
20240314;100929;161;10;9835630165;S
20240314;100929;161;10;9835630166;S
20240314;100929;161;330;9835630167;S
20240314;100929;161;10;9835630168;S
20240314;100929;161;30;9835630169;S
20240314;100929;161;100;9835630170;S
20240314;100929;161;400;9835630171;S
20240314;100929;161;230;9835630172;S
20240314;100929;161;50;9835630173;S
20240314;100929;161;20;9835630174;S
20240314;100929;161;20;9835630175;S
20240314;100929;161;40;9835630176;S
20240314;100929;161;40;9835630177;S
20240314;100929;161;10;9835630178;S
20240314;100929;161;500;9835630179;S
20240314;100929;161;100;9835630180;S
20240314;100929;161;100;9835630181;S
20240314;100929;161;10;9835630182;S
20240314;100929;161;90;9835630183;S
20240314;100929;161;100;9835630184;S
20240314;100929;161;10;9835630185;S
20240314;100929;161;50;9835630186;S
20240314;100929;161;10;9835630187;S
20240314;100929;161;10;9835630188;S
20240314;100929;161;10;9835630189;S
20240314;100929;161;200;9835630190;S
20240314;100929;161;10;9835630191;S
20240314;100929;161;10;9835630192;S
20240314;100929;161;100;9835630193;S
20240314;100929;161;10;9835630194;S
20240314;100929;161;10;9835630195;S
20240314;100929;161;50;9835630196;S
20240314;100929;161;3000;9835630197;S
20240314;100929;161;20;9835630198;S
20240314;100929;161;10;9835630199;S
20240314;100929;161;100;9835630200;S
20240314;100929;161;80;9835630201;S
20240314;100929;161;10;9835630202;S
20240314;100929;161;10;9835630203;S
20240314;100929;161;10;9835630204;S
20240314;100929;161;150;9835630205;S
20240314;100929;161;10;9835630206;S
20240314;100929;161;10;9835630207;S
20240314;100929;161;30;9835630208;S
20240314;100929;161;1200;9835630209;S
20240314;100929;161;30;9835630210;S
20240314;100929;161;500;9835630211;S
20240314;100929;161;10;9835630212;S
20240314;100929;161;100;9835630213;S
20240314;100929;161;30;9835630214;S
20240314;100929;161;10;9835630215;S
20240314;100929;161;10;9835630216;S
20240314;100929;161;10;9835630217;S
20240314;100929;161;10;9835630218;S
20240314;100929;161;10;9835630219;S
20240314;100929;161;10;9835630220;S
20240314;100929;161;2880;9835630221;S
20240314;100929;161;10;9835630222;S
20240314;100929;161;50;9835630223;S
20240314;100929;161;2000;9835630224;S
20240314;100929;161;10;9835630225;S
20240314;100929;161;20;9835630226;S
20240314;100929;161;10;9835630227;S
20240314;100929;161;10;9835630228;S
20240314;100929;161;96590;9835630229;S
20240314;100929;161.01;10;9835630232;S
20240314;100929;161.1;20;9835630233;S
20240314;100929;161.02;300;9835630235;S
20240314;100929;161.02;300;9835630236;S
20240314;100929;161.04;200;9835630237;S
20240314;100929;161.03;300;9835630238;B
20240314;100929;161.03;800;9835630249;S
20240314;100929;161.03;1060;9835630250;S
20240314;100929;161.01;700;9835630251;S
20240314;100929;161.01;200;9835630252;S
20240314;100929;161.01;100;9835630255;S
20240314;100929;161.01;700;9835630256;S
20240314;100929;161.02;20;9835630257;B
20240314;100929;161.02;20;9835630260;B
20240314;100929;161.02;30;9835630265;B
20240314;100929;161.02;50;9835630266;B
20240314;100929;161.02;80;9835630268;B
20240314;100929;161.02;20;9835630269;B
20240314;100929;161.02;280;9835630305;B
20240314;100929;161.02;120;9835630306;B
20240314;100929;161.01;690;9835630307;S
20240314;100929;161.02;20;9835630308;B
20240314;100929;161.02;10;9835630309;B
20240314;100929;161.02;20;9835630310;B
20240314;100929;161.01;1000;9835630328;S
20240314;100929;161.01;10;9835630329;S
20240314;100929;161.01;990;9835630330;S
20240314;100929;161.01;160;9835630331;S
20240314;100929;161.01;10;9835630332;S
20240314;100929;161.02;30;9835630333;B
20240314;100929;161.02;500;9835630334;B
20240314;100929;161.02;470;9835630335;B
20240314;100929;161.01;550;9835630348;S
20240314;100929;161.02;100;9835630349;B
20240314;100929;161.02;10;9835630356;B
20240314;100929;161.02;50;9835630361;B
20240314;100929;161.02;10;9835630365;B
20240314;100929;161.01;280;9835630366;S
20240314;100929;161.01;670;9835630367;S
20240314;100929;161.02;910;9835630372;B
20240314;100929;161.02;90;9835630373;B
20240314;100929;161.01;1190;9835630374;S
20240314;100929;161.01;1000;9835630375;S
20240314;100929;161;1810;9835630376;S
20240314;100929;161.03;300;9835630377;B
20240314;100929;161.03;10;9835630378;B
20240314;100929;161.03;350;9835630379;B
20240314;100929;161.01;1860;9835630380;S
20240314;100929;161.01;1000;9835630381;S
20240314;100929;161;1140;9835630382;S
20240314;100929;161.03;340;9835630387;B
20240314;100929;161.03;100;9835630388;B
20240314;100929;161.03;200;9835630389;B
20240314;100929;161.03;360;9835630390;B
20240314;100929;161.04;100;9835630391;B
20240314;100929;161.02;50;9835630395;S
20240314;100929;161.02;10;9835630396;S
20240314;100929;161.01;1000;9835630397;S
20240314;100929;161.01;1860;9835630398;S
20240314;100929;161.01;1000;9835630399;S
20240314;100929;161;2020;9835630400;S
20240314;100929;161.02;30;9835630405;S
20240314;100929;161.02;100;9835630406;S
20240314;100929;161.04;200;9835630408;B
20240314;100929;161.04;40;9835630409;B
20240314;100929;161.05;60;9835630410;B
20240314;100929;161.05;940;9835630411;B
20240314;100929;161.05;60;9835630412;B
20240314;100929;161.08;10;9835630423;B
20240314;100929;161.02;50;9835630424;S
20240314;100929;161.09;60;9835630425;B
20240314;100929;161.02;10;9835630426;S
20240314;100929;161.02;1000;9835630429;S
20240314;100929;161.08;20;9835630430;B
20240314;100929;161.02;10;9835630431;S
20240314;100929;161.02;390;9835630432;S
20240314;100929;161.02;610;9835630433;S
20240314;100929;161.02;20;9835630434;S
20240314;100929;161.02;100;9835630436;S
20240314;100929;161.08;280;9835630458;B
20240314;100929;161.09;320;9835630459;B
20240314;100929;161.08;300;9835630461;B
20240314;100929;161.09;620;9835630462;B
20240314;100929;161.09;380;9835630463;B
20240314;100929;161.06;10;9835630472;B
20240314;100930;161.05;70;9835630515;S
20240314;100930;161.08;10;9835630517;B
20240314;100930;161.08;100;9835630552;B
20240314;100930;161.08;10;9835630560;B
20240314;100930;161.06;10;9835630561;B
20240314;100930;161.08;10;9835630614;S
20240314;100930;161.08;800;9835630615;S
20240314;100930;161.08;20;9835630655;S
20240314;100930;161.09;10;9835630661;B
20240314;100930;161.08;170;9835630670;S
20240314;100930;161.05;60;9835630704;S
20240314;100930;161.04;300;9835630705;S
20240314;100930;161.02;1130;9835630706;S
20240314;100930;161.02;250;9835630707;S
20240314;100930;161.02;40;9835630708;S
20240314;100930;161.01;220;9835630709;S
20240314;100930;161.02;300;9835630710;S
20240314;100930;161.02;1860;9835630711;S
20240314;100930;161.01;780;9835630712;S
20240314;100930;161.01;1000;9835630713;S
20240314;100930;161.01;10;9835630714;S
20240314;100930;161.01;50;9835630715;S
20240314;100930;161.01;10;9835630716;S
20240314;100930;161.01;760;9835630717;S
20240314;100931;161.06;50;9835630823;B
20240314;100931;161.06;20;9835630851;S
20240314;100931;161.05;30;9835630852;S
20240314;100931;161.05;20;9835630906;S
20240314;100931;161.03;120;9835630907;S
20240314;100931;161.06;160;9835630956;B
20240314;100932;161.05;150;9835631057;S
20240314;100932;161.06;170;9835631134;B
20240314;100932;161.06;100;9835631218;B
20240314;100933;161.06;500;9835631433;B
20240314;100933;161.07;1000;9835631438;B
20240314;100933;161.07;20;9835631501;B
20240314;100934;161.03;50;9835631633;S
20240314;100934;161.03;230;9835631634;S
20240314;100934;161.06;10;9835631643;B
20240314;100934;161.06;50;9835631741;B
20240314;100936;161.06;800;9835632121;B
20240314;100938;161.06;100;9835632519;S
20240314;100938;161.07;400;9835632566;B
20240314;100938;161.07;40;9835632592;B
20240314;100939;161.06;140;9835632633;S
20240314;100939;161.06;10;9835632634;S
20240314;100939;161.05;40;9835632635;S
20240314;100939;161.06;30;9835632657;B
20240314;100939;161.06;20;9835632756;B
20240314;100939;161.06;10;9835632759;B
20240314;100941;161.06;240;9835633128;B
20240314;100941;161.06;2000;9835633129;B
20240314;100941;161.06;3600;9835633130;B
20240314;100941;161.06;340;9835633131;B
20240314;100942;161.05;280;9835633252;S
20240314;100943;161.05;10;9835633515;S
20240314;100943;161.05;50;9835633570;S
20240314;100943;161.07;10;9835633600;B
20240314;100943;161.07;990;9835633689;B
20240314;100943;161.07;200;9835633690;B
20240314;100943;161.07;100;9835633691;B
20240314;100943;161.07;100;9835633692;B
20240314;100943;161.07;100;9835633693;B
20240314;100944;161.08;850;9835633706;B
20240314;100944;161.08;150;9835633792;B
20240314;100944;161.09;20;9835633816;B
20240314;100946;161.09;200;9835634231;S
20240314;100949;161.09;100;9835635061;S
20240314;100949;161.08;150;9835635062;S
20240314;100949;161.08;10;9835635063;S
20240314;100949;161.07;50;9835635064;S
20240314;100949;161.07;1860;9835635065;S
20240314;100949;161.07;430;9835635066;S
20240314;100949;161.06;490;9835635067;S
20240314;100950;161.1;100;9835635231;B
20240314;100950;161.1;1000;9835635232;B
20240314;100950;161.11;900;9835635233;B
20240314;100951;161.12;30;9835635471;B
20240314;100953;161.12;970;9835635791;B
20240314;100955;161.12;80;9835636122;S
20240314;100955;161.12;600;9835636295;S
20240314;100956;161.12;2000;9835636432;S
20240314;100956;161.13;10;9835636450;B
20240314;100958;161.13;10;9835637014;B
20240314;100959;161.13;10;9835637153;B
20240314;100959;161.13;20;9835637156;B
20240314;100959;161.13;10;9835637224;B
20240314;101000;161.13;430;9835637260;B
20240314;101001;161.13;10;9835637637;B
20240314;101002;161.12;800;9835637723;S
20240314;101002;161.12;540;9835637724;S
20240314;101002;161.12;10;9835637725;S
20240314;101002;161.12;10;9835637728;S
20240314;101002;161.12;10;9835637729;S
20240314;101002;161.12;110;9835637730;S
20240314;101002;161.12;80;9835637750;S
20240314;101002;161.12;10;9835637751;S
20240314;101002;161.11;30;9835637889;S
20240314;101003;161.11;300;9835637998;B
20240314;101003;161.11;1000;9835637999;B
20240314;101003;161.11;230;9835638000;B
20240314;101003;161.11;2170;9835638001;B
20240314;101003;161.11;1000;9835638002;B
20240314;101003;161.11;300;9835638003;B
20240314;101004;161.11;10;9835638189;B
20240314;101004;161.11;200;9835638291;B
20240314;101005;161.11;100;9835638357;B
20240314;101005;161.11;30;9835638422;B
20240314;101005;161.11;100;9835638423;B
20240314;101005;161.11;410;9835638450;B
20240314;101006;161.1;10;9835638608;S
20240314;101006;161.1;20;9835638635;S
20240314;101006;161.1;20;9835638636;S
20240314;101006;161.1;40;9835638637;S
20240314;101006;161.1;100;9835638638;S
20240314;101006;161.1;10;9835638639;S
20240314;101006;161.09;50;9835638640;S
20240314;101006;161.09;50;9835638641;S
20240314;101006;161.09;70;9835638642;S
20240314;101008;161.1;50;9835639090;B
20240314;101009;161.1;10;9835639176;B
20240314;101009;161.1;70;9835639227;B
20240314;101009;161.1;90;9835639265;B
20240314;101011;161.1;100;9835639687;B
20240314;101012;161.09;230;9835639911;S
20240314;101012;161.09;40;9835639912;S
20240314;101015;161.1;300;9835640364;B
20240314;101015;161.1;380;9835640383;B
20240314;101015;161.1;120;9835640384;B
20240314;101016;161.1;110;9835640537;B
20240314;101016;161.1;390;9835640538;B
20240314;101017;161.1;10;9835640827;B
20240314;101017;161.1;10;9835641040;B
20240314;101018;161.1;1590;9835641183;B
20240314;101018;161.1;2950;9835641184;B
20240314;101018;161.1;2000;9835641185;B
20240314;101018;161.1;570;9835641186;B
20240314;101018;161.1;530;9835641191;B
20240314;101018;161.1;1000;9835641192;B
20240314;101018;161.1;230;9835641193;B
20240314;101018;161.1;2000;9835641194;B
20240314;101019;161.1;1000;9835641569;B
20240314;101019;161.1;230;9835641570;B
20240314;101019;161.1;10;9835641571;B
20240314;101020;161.11;10;9835641614;B
20240314;101020;161.11;1000;9835641615;B
20240314;101020;161.11;230;9835641616;B
20240314;101020;161.11;10;9835641617;B
20240314;101020;161.11;2000;9835641618;B
20240314;101020;161.12;1000;9835641619;B
20240314;101020;161.12;230;9835641620;B
20240314;101020;161.12;110;9835641621;B
20240314;101020;161.13;410;9835641622;B
20240314;101021;161.12;10;9835641844;B
20240314;101021;161.12;990;9835641848;B
20240314;101021;161.12;230;9835641849;B
20240314;101021;161.12;2000;9835641850;B
20240314;101021;161.12;2000;9835641851;B
20240314;101021;161.13;90;9835641868;B
20240314;101021;161.13;410;9835641869;B
20240314;101021;161.12;10;9835641874;S
20240314;101022;161.13;590;9835641983;B
20240314;101022;161.13;1410;9835641984;B
20240314;101022;161.13;1180;9835641986;B
20240314;101023;161.12;10;9835642134;S
20240314;101024;161.13;1210;9835642289;B
20240314;101025;161.12;10;9835642496;S
20240314;101025;161.12;240;9835642497;S
20240314;101029;161.13;5000;9835643210;B
20240314;101031;161.12;60;9835643649;S
20240314;101031;161.12;100;9835643650;S
20240314;101031;161.12;640;9835643651;S
20240314;101031;161.13;10;9835643662;B
20240314;101031;161.13;2000;9835643700;B
20240314;101033;161.13;300;9835643972;B
20240314;101036;161.13;2000;9835644423;B
20240314;101039;161.13;10;9835645165;B
20240314;101040;161.13;30;9835645270;B
20240314;101040;161.13;10;9835645288;B
20240314;101040;161.13;30;9835645315;B
20240314;101040;161.13;10;9835645342;B
20240314;101042;161.13;10;9835645597;B
20240314;101044;161.13;10;9835645850;B
20240314;101044;161.13;90;9835645852;B
20240314;101044;161.13;200;9835645858;B
20240314;101044;161.12;160;9835645904;S
20240314;101045;161.13;10000;9835646071;B
20240314;101046;161.12;40;9835646155;S
20240314;101047;161.13;550;9835646257;B
20240314;101047;161.13;20;9835646332;B
20240314;101055;161.13;20;9835647448;B
20240314;101057;161.13;10;9835647765;B
20240314;101100;161.13;1000;9835648282;B
20240314;101101;161.13;2880;9835648438;B
20240314;101101;161.13;20;9835648442;B
20240314;101102;161.13;50;9835648873;B
20240314;101105;161.13;2000;9835649385;B
20240314;101105;161.13;150;9835649392;B
20240314;101105;161.13;10;9835649502;B
20240314;101105;161.13;10;9835649513;B
20240314;101107;161.13;980;9835649876;B
20240314;101108;161.13;100;9835650097;B
20240314;101109;161.13;500;9835650214;B
20240314;101110;161.13;30;9835650405;B
20240314;101111;161.13;20;9835650582;B
20240314;101113;161.13;10;9835650994;B
20240314;101115;161.13;10;9835651239;B
20240314;101116;161.13;10;9835651308;B
20240314;101116;161.13;30;9835651352;B
20240314;101117;161.13;300;9835651401;B
20240314;101117;161.13;10;9835651462;B
20240314;101117;161.13;10;9835651481;B
20240314;101117;161.12;250;9835651508;S
20240314;101117;161.12;20;9835651509;S
20240314;101117;161.12;230;9835651510;S
20240314;101117;161.12;230;9835651511;S
20240314;101117;161.12;500;9835651512;S
20240314;101117;161.12;100;9835651513;S
20240314;101117;161.12;100;9835651514;S
20240314;101117;161.12;820;9835651515;S
20240314;101119;161.13;4370;9835651863;B
20240314;101123;161.13;10;9835652479;B
20240314;101123;161.13;10;9835652482;B
20240314;101124;161.13;5920;9835652680;B
20240314;101125;161.13;4920;9835652764;B
20240314;101125;161.13;10;9835652765;B
20240314;101125;161.13;10;9835652766;B
20240314;101125;161.13;60;9835652767;B
20240314;101127;161.13;10;9835653309;B
20240314;101128;161.13;1930;9835653481;B
20240314;101128;161.13;570;9835653482;B
20240314;101128;161.13;430;9835653487;B
20240314;101128;161.13;1000;9835653488;B
20240314;101128;161.13;10;9835653489;B
20240314;101128;161.13;30;9835653490;B
20240314;101128;161.13;530;9835653491;B
20240314;101128;161.13;20;9835653494;B
20240314;101130;161.12;100;9835653737;S
20240314;101131;161.13;50;9835653954;B
20240314;101132;161.13;50;9835654027;B
20240314;101132;161.13;70;9835654145;B
20240314;101134;161.13;300;9835654399;B
20240314;101135;161.13;10;9835654573;B
20240314;101136;161.13;70;9835654713;B
20240314;101136;161.13;130;9835654714;B
20240314;101137;161.13;10;9835654832;B
20240314;101139;161.13;20;9835655134;B
20240314;101139;161.13;10;9835655179;B
20240314;101141;161.13;1830;9835655639;B
20240314;101141;161.13;1000;9835655640;B
20240314;101141;161.13;170;9835655641;B
20240314;101141;161.13;830;9835655652;B
20240314;101141;161.13;200;9835655653;B
20240314;101141;161.13;70;9835655654;B
20240314;101142;161.12;80;9835655785;S
20240314;101142;161.12;1450;9835655786;S
20240314;101142;161.12;1860;9835655787;S
20240314;101142;161.12;60;9835655788;S
20240314;101142;161.12;8910;9835655789;S
20240314;101145;161.12;170;9835656253;S
20240314;101146;161.13;930;9835656378;B
20240314;101146;161.13;1070;9835656379;B
20240314;101146;161.13;10;9835656572;B
20240314;101147;161.13;10;9835656578;B
20240314;101151;161.13;910;9835657315;B
20240314;101151;161.13;990;9835657316;B
20240314;101152;161.13;10;9835657445;B
20240314;101152;161.13;1000;9835657446;B
20240314;101152;161.13;1000;9835657447;B
20240314;101152;161.13;490;9835657448;B
20240314;101152;161.12;150;9835657485;S
20240314;101153;161.13;300;9835657616;B
20240314;101153;161.13;10;9835657743;B
20240314;101154;161.13;10;9835657814;B
20240314;101156;161.13;30;9835658230;B
20240314;101158;161.13;10;9835658483;B
20240314;101159;161.13;50;9835658700;B
20240314;101200;161.13;10;9835658806;B
20240314;101200;161.13;90;9835658841;B
20240314;101202;161.13;2000;9835659072;B
20240314;101202;161.13;70;9835659073;B
20240314;101202;161.13;930;9835659122;B
20240314;101202;161.13;1000;9835659123;B
20240314;101202;161.13;10;9835659124;B
20240314;101202;161.13;60;9835659125;B
20240314;101203;161.13;10;9835659214;B
20240314;101203;161.13;10;9835659274;B
20240314;101203;161.13;30;9835659289;B
20240314;101204;161.13;20;9835659366;B
20240314;101204;161.13;870;9835659457;B
20240314;101204;161.13;2030;9835659458;B
20240314;101204;161.13;2000;9835659459;B
20240314;101204;161.13;1000;9835659460;B
20240314;101204;161.13;1000;9835659461;B
20240314;101204;161.13;1000;9835659462;B
20240314;101204;161.13;300;9835659463;B
20240314;101204;161.13;300;9835659464;B
20240314;101204;161.13;500;9835659465;B
20240314;101204;161.13;1000;9835659466;B
20240314;101205;161.13;50;9835659587;B
20240314;101205;161.13;20;9835659589;B
20240314;101207;161.13;420;9835659924;B
20240314;101207;161.12;310;9835659941;S
20240314;101209;161.12;460;9835660381;S
20240314;101209;161.12;440;9835660382;S
20240314;101210;161.13;20;9835660490;B
20240314;101210;161.13;10;9835660658;B
20240314;101212;161.13;100;9835660843;B
20240314;101212;161.13;10;9835660849;B
20240314;101212;161.13;470;9835660922;B
20240314;101212;161.13;200;9835660923;B
20240314;101212;161.13;500;9835660924;B
20240314;101212;161.13;1000;9835660925;B
20240314;101212;161.13;330;9835660926;B
20240314;101214;161.12;10;9835661318;S
20240314;101215;161.13;670;9835661512;B
20240314;101215;161.13;1000;9835661513;B
20240314;101215;161.13;2000;9835661514;B
20240314;101215;161.13;6330;9835661515;B
20240314;101215;161.13;1510;9835661521;B
20240314;101215;161.13;1000;9835661522;B
20240314;101216;161.13;10;9835661786;B
20240314;101217;161.13;10;9835661862;B
20240314;101217;161.13;20;9835661886;B
20240314;101217;161.13;120;9835661980;B
20240314;101217;161.13;380;9835661981;B
20240314;101218;161.12;20;9835662087;S
20240314;101219;161.13;20;9835662319;B
20240314;101220;161.13;10;9835662418;B
20240314;101223;161.13;100;9835662835;B
20240314;101224;161.13;1490;9835662916;B
20240314;101224;161.13;1000;9835662917;B
20240314;101224;161.13;140;9835662918;B
20240314;101224;161.13;160;9835662919;B
20240314;101227;161.13;40;9835663282;B
20240314;101227;161.13;20;9835663300;B
20240314;101227;161.12;20;9835663313;S
20240314;101229;161.13;20;9835663719;B
20240314;101232;161.13;10;9835664148;B
20240314;101232;161.13;250;9835664167;B
20240314;101232;161.13;750;9835664168;B
20240314;101233;161.13;100;9835664312;B
20240314;101234;161.12;80;9835664432;S
20240314;101234;161.13;100;9835664446;B
20240314;101236;161.13;10;9835664568;B
20240314;101237;161.13;10;9835664675;B
20240314;101238;161.13;10;9835664882;B
20240314;101238;161.13;10;9835664893;B
20240314;101238;161.13;200;9835664996;B
20240314;101239;161.12;220;9835665067;S
20240314;101241;161.13;10;9835665391;B
20240314;101244;161.13;10;9835665903;B
20240314;101244;161.13;40;9835665987;B
20240314;101246;161.13;750;9835666319;B
20240314;101246;161.13;750;9835666320;B
20240314;101246;161.13;500;9835666321;B
20240314;101246;161.13;100;9835666322;B
20240314;101246;161.14;1000;9835666323;B
20240314;101246;161.14;310;9835666324;B
20240314;101246;161.13;300;9835666325;B
20240314;101246;161.13;10;9835666365;B
20240314;101247;161.13;10;9835666421;B
20240314;101248;161.12;20;9835666510;S
20240314;101248;161.13;1980;9835666572;B
20240314;101248;161.13;20;9835666573;B
20240314;101248;161.13;300;9835666574;S
20240314;101248;161.13;1000;9835666575;S
20240314;101248;161.13;700;9835666576;S
20240314;101249;161.14;10;9835666627;B
20240314;101250;161.13;830;9835666759;S
20240314;101250;161.13;300;9835666760;S
20240314;101250;161.13;70;9835666761;S
20240314;101251;161.14;10;9835667014;B
20240314;101254;161.14;980;9835667990;B
20240314;101254;161.14;20;9835667991;B
20240314;101255;161.14;100;9835668082;B
20240314;101256;161.14;60;9835668244;B
20240314;101257;161.14;10;9835668487;B
20240314;101258;161.14;50;9835668698;B
20240314;101300;161.14;10;9835668891;B
20240314;101301;161.14;50;9835669107;B
20240314;101301;161.14;50;9835669108;B
20240314;101301;161.14;10;9835669125;B
20240314;101302;161.14;10;9835669186;B
20240314;101304;161.14;230;9835669539;B
20240314;101304;161.14;770;9835669540;B
20240314;101306;161.14;10;9835669770;B
20240314;101306;161.14;50;9835669795;B
20240314;101306;161.14;10;9835669798;B
20240314;101306;161.14;1160;9835669845;B
20240314;101306;161.14;340;9835669846;B
20240314;101308;161.14;10;9835670067;B
20240314;101310;161.14;850;9835670352;B
20240314;101310;161.14;150;9835670353;B
20240314;101311;161.14;150;9835670372;B
20240314;101311;161.14;10;9835670397;B
20240314;101312;161.14;10;9835670489;B
20240314;101313;161.14;60;9835670659;B
20240314;101314;161.13;10;9835670760;S
20240314;101314;161.13;350;9835670761;S
20240314;101314;161.13;400;9835670762;S
20240314;101314;161.13;50;9835670763;S
20240314;101314;161.13;10;9835670764;S
20240314;101314;161.13;400;9835670765;S
20240314;101314;161.13;10;9835670766;S
20240314;101314;161.13;20;9835670767;S
20240314;101314;161.14;90;9835670786;B
20240314;101315;161.14;1220;9835670823;B
20240314;101315;161.14;10;9835670825;B
20240314;101315;161.14;10;9835670839;B
20240314;101317;161.14;90;9835671047;B
20240314;101317;161.14;10;9835671048;B
20240314;101317;161.14;20;9835671049;B
20240314;101320;161.14;30;9835671691;B
20240314;101321;161.14;1000;9835671754;B
20240314;101322;161.13;20;9835671931;S
20240314;101322;161.14;1040;9835671948;B
20240314;101322;161.14;900;9835671949;B
20240314;101322;161.14;1300;9835671950;B
20240314;101322;161.14;1060;9835671951;B
20240314;101324;161.14;10;9835672202;B
20240314;101324;161.14;630;9835672300;B
20240314;101324;161.14;100;9835672301;B
20240314;101324;161.14;270;9835672302;B
20240314;101324;161.14;10;9835672314;B
20240314;101325;161.14;100;9835672412;B
20240314;101326;161.14;10;9835672452;B
20240314;101326;161.14;2290;9835672507;B
20240314;101326;161.14;30;9835672521;B
20240314;101327;161.14;10;9835672603;B
20240314;101328;161.14;100;9835672644;B
20240314;101328;161.13;20;9835672680;S
20240314;101328;161.14;50;9835672704;B
20240314;101328;161.14;30;9835672720;B
20240314;101328;161.14;150;9835672721;B
20240314;101333;161.14;850;9835673193;B
20240314;101333;161.14;650;9835673194;B
20240314;101334;161.14;30;9835673360;B
20240314;101335;161.13;200;9835673432;S
20240314;101340;161.13;740;9835674014;S
20240314;101340;161.13;10;9835674015;S
20240314;101340;161.13;10;9835674016;S
20240314;101340;161.13;50;9835674017;S
20240314;101340;161.13;10;9835674018;S
20240314;101340;161.13;800;9835674019;S
20240314;101340;161.13;480;9835674020;S
20240314;101341;161.14;420;9835674384;B
20240314;101341;161.14;580;9835674385;B
20240314;101344;161.14;400;9835675313;B
20240314;101345;161.14;20;9835675404;B
20240314;101345;161.14;980;9835675405;B
20240314;101346;161.14;1000;9835675584;B
20240314;101347;161.13;70;9835675783;S
20240314;101348;161.14;20;9835675912;B
20240314;101348;161.14;800;9835675913;B
20240314;101348;161.14;200;9835675914;B
20240314;101348;161.14;280;9835675915;B
20240314;101349;161.14;20;9835676033;B
20240314;101349;161.14;20;9835676041;B
20240314;101351;161.13;70;9835676224;S
20240314;101351;161.13;300;9835676225;S
20240314;101351;161.13;10;9835676226;S
20240314;101351;161.13;120;9835676227;S
20240314;101353;161.14;50;9835676480;B
20240314;101354;161.14;100;9835676707;B
20240314;101354;161.14;10;9835676722;B
20240314;101354;161.14;100;9835676752;B
20240314;101356;161.13;510;9835677007;S
20240314;101358;161.14;60;9835677179;B
20240314;101358;161.14;10;9835677220;B
20240314;101358;161.14;150;9835677238;B
20240314;101359;161.14;90;9835677453;B
20240314;101400;161.14;300;9835677493;B
20240314;101401;161.14;70;9835677635;B
20240314;101402;161.13;10;9835677705;S
20240314;101402;161.14;20;9835677723;B
20240314;101402;161.14;30;9835677724;B
20240314;101404;161.14;970;9835677917;B
20240314;101404;161.14;1030;9835677918;B
20240314;101405;161.13;360;9835677955;S
20240314;101405;161.13;140;9835677956;S
20240314;101406;161.14;20;9835678100;B
20240314;101407;161.14;910;9835678133;B
20240314;101407;161.14;40;9835678217;B
20240314;101407;161.14;60;9835678218;B
20240314;101408;161.14;150;9835678340;B
20240314;101409;161.14;150;9835678363;B
20240314;101412;161.14;40;9835678638;B
20240314;101413;161.14;300;9835678850;B
20240314;101413;161.14;10;9835678939;B
20240314;101415;161.14;100;9835679408;B
20240314;101416;161.14;250;9835679492;B
20240314;101416;161.14;50;9835679493;B
20240314;101417;161.14;300;9835679573;B
20240314;101418;161.14;780;9835679751;B
20240314;101420;161.14;50;9835679985;B
20240314;101421;161.14;870;9835680030;B
20240314;101421;161.14;120;9835680031;B
20240314;101422;161.14;150;9835680391;B
20240314;101423;161.13;400;9835680483;S
20240314;101423;161.14;20;9835680530;B
20240314;101424;161.14;10;9835680791;B
20240314;101426;161.14;10;9835680969;B
20240314;101427;161.14;6900;9835681002;B
20240314;101427;161.14;1000;9835681003;B
20240314;101427;161.14;2000;9835681004;B
20240314;101427;161.14;100;9835681005;B
20240314;101427;161.13;10;9835681036;S
20240314;101427;161.14;790;9835681119;B
20240314;101427;161.14;210;9835681120;B
20240314;101429;161.13;50;9835681257;S
20240314;101429;161.13;300;9835681258;S
20240314;101429;161.13;100;9835681259;S
20240314;101429;161.13;100;9835681260;S
20240314;101429;161.13;100;9835681261;S
20240314;101429;161.13;10;9835681262;S
20240314;101429;161.13;50;9835681263;S
20240314;101429;161.13;100;9835681264;S
20240314;101429;161.13;20;9835681265;S
20240314;101429;161.13;2170;9835681266;S
20240314;101429;161.13;20;9835681267;S
20240314;101430;161.13;10;9835681379;B
20240314;101430;161.13;2500;9835681424;B
20240314;101431;161.13;1000;9835681514;B
20240314;101433;161.13;140;9835681695;B
20240314;101433;161.12;10;9835681786;S
20240314;101435;161.13;10;9835682091;B
20240314;101435;161.13;30;9835682183;B
20240314;101435;161.13;40;9835682215;B
20240314;101435;161.13;10;9835682227;B
20240314;101437;161.13;10;9835682473;B
20240314;101437;161.13;60;9835682536;B
20240314;101438;161.13;10;9835682579;B
20240314;101438;161.13;1160;9835682622;B
20240314;101438;161.13;1000;9835682623;B
20240314;101438;161.13;2440;9835682624;B
20240314;101444;161.13;500;9835683519;B
20240314;101445;161.13;1000;9835683669;B
20240314;101447;161.13;250;9835683865;B
20240314;101449;161.13;10;9835684179;B
20240314;101450;161.13;100;9835684306;B
20240314;101454;161.13;30;9835684721;B
20240314;101454;161.13;10;9835684752;B
20240314;101456;161.13;200;9835685056;B
20240314;101456;161.13;50;9835685269;B
20240314;101457;161.13;100;9835685380;B
20240314;101458;161.13;10;9835685502;B
20240314;101459;161.13;10;9835685654;B
20240314;101501;161.13;460;9835686076;B
20240314;101501;161.13;1000;9835686077;B
20240314;101501;161.13;10;9835686078;B
20240314;101501;161.13;10530;9835686079;B
20240314;101502;161.12;180;9835686196;S
20240314;101502;161.12;190;9835686197;S
20240314;101502;161.12;370;9835686237;S
20240314;101503;161.13;20;9835686427;B
20240314;101504;161.13;350;9835686590;B
20240314;101504;161.13;60;9835686648;B
20240314;101504;161.13;1280;9835686673;B
20240314;101504;161.13;3720;9835686674;B
20240314;101508;161.13;20;9835687533;B
20240314;101510;161.13;20;9835687811;B
20240314;101513;161.12;230;9835688361;S
20240314;101515;161.13;30;9835688657;B
20240314;101515;161.12;10;9835688672;S
20240314;101516;161.13;10;9835688839;B
20240314;101518;161.13;100;9835689096;B
20240314;101519;161.13;100;9835689273;B
20240314;101520;161.13;10;9835689335;B
20240314;101520;161.13;100;9835689398;B
20240314;101521;161.13;100;9835689480;B
20240314;101524;161.13;200;9835689859;B
20240314;101525;161.13;90;9835690163;B
20240314;101525;161.13;540;9835690164;B
20240314;101526;161.12;200;9835690275;S
20240314;101526;161.12;20;9835690276;S
20240314;101527;161.13;10;9835690397;B
20240314;101528;161.13;100;9835690571;B
20240314;101529;161.13;10;9835690724;B
20240314;101531;161.12;280;9835691089;S
20240314;101531;161.12;250;9835691090;S
20240314;101531;161.12;880;9835691091;S
20240314;101531;161.12;50;9835691092;S
20240314;101531;161.12;30;9835691093;S
20240314;101531;161.12;10;9835691094;S
20240314;101531;161.12;10;9835691095;S
20240314;101531;161.12;200;9835691096;S
20240314;101531;161.12;10;9835691097;S
20240314;101531;161.12;10;9835691098;S
20240314;101531;161.12;500;9835691099;S
20240314;101531;161.12;10;9835691100;S
20240314;101531;161.12;4870;9835691101;S
20240314;101532;161.13;10;9835691141;B
20240314;101532;161.13;200;9835691194;B
20240314;101533;161.13;130;9835691377;B
20240314;101533;161.13;150;9835691378;B
20240314;101535;161.13;100;9835691712;B
20240314;101540;161.13;100;9835692909;B
20240314;101541;161.13;300;9835693035;B
20240314;101543;161.13;10;9835693584;B
20240314;101543;161.12;30;9835693647;S
20240314;101544;161.13;10;9835694022;B
20240314;101545;161.12;10;9835694205;S
20240314;101545;161.13;100;9835694211;B
20240314;101547;161.12;90;9835694716;S
20240314;101547;161.12;100;9835694717;S
20240314;101547;161.12;100;9835694718;S
20240314;101548;161.13;10;9835695082;B
20240314;101549;161.13;20;9835695196;B
20240314;101549;161.13;20;9835695203;B
20240314;101550;161.13;30;9835695397;B
20240314;101550;161.12;40;9835695555;S
20240314;101550;161.12;10;9835695556;S
20240314;101550;161.12;100;9835695557;S
20240314;101550;161.12;10;9835695558;S
20240314;101550;161.12;300;9835695559;S
20240314;101550;161.12;300;9835695560;S
20240314;101550;161.12;50;9835695561;S
20240314;101550;161.12;40;9835695562;S
20240314;101550;161.12;100;9835695563;S
20240314;101550;161.12;50;9835695564;S
20240314;101551;161.13;10;9835695781;B
20240314;101600;161.12;10;9835697922;S
20240314;101600;161.12;10;9835698055;S
