<DATE>;<TIME>;<LAST>;<VOL>;<ID>;<OPER>
20240208;095943;164.620000000;60;9563586893;B
20240208;095943;164.620000000;10;9563586894;S
20240208;095943;164.620000000;10;9563586895;S
20240208;095943;164.620000000;20;9563586896;S
20240208;095943;164.620000000;120;9563586897;S
20240208;095943;164.620000000;100;9563586898;S
20240208;095943;164.620000000;10;9563586899;B
20240208;095943;164.620000000;10;9563586900;B
20240208;095943;164.620000000;140;9563586901;S
20240208;095943;164.620000000;120;9563586902;S
20240208;095943;164.620000000;500;9563586903;S
20240208;095943;164.620000000;40;9563586904;B
20240208;095943;164.620000000;40;9563586905;B
20240208;095943;164.620000000;10;9563586906;B
20240208;095943;164.620000000;10;9563586907;B
20240208;095943;164.620000000;20;9563586908;B
20240208;095943;164.620000000;10;9563586909;B
20240208;095943;164.620000000;30;9563586910;B
20240208;095943;164.620000000;10;9563586911;B
20240208;095943;164.620000000;10;9563586912;B
20240208;095943;164.620000000;10;9563586913;B
20240208;095943;164.620000000;100;9563586914;B
20240208;095943;164.620000000;30;9563586915;B
20240208;095943;164.620000000;10;9563586916;B
20240208;095943;164.620000000;10;9563586917;B
20240208;095943;164.620000000;60;9563586918;B
20240208;095943;164.620000000;50;9563586919;B
20240208;095943;164.620000000;10;9563586920;B
20240208;095943;164.620000000;10;9563586921;B
20240208;095943;164.620000000;10;9563586922;B
20240208;095943;164.620000000;20;9563586923;B
20240208;095943;164.620000000;250;9563586924;B
20240208;095943;164.620000000;110;9563586925;B
20240208;095943;164.620000000;390;9563586926;B
20240208;095943;164.620000000;10;9563586927;B
20240208;095943;164.620000000;10;9563586928;B
20240208;095943;164.620000000;10;9563586929;B
20240208;095943;164.620000000;50;9563586930;S
20240208;095943;164.620000000;10;9563586931;S
20240208;095943;164.620000000;30;9563586932;S
20240208;095943;164.620000000;10;9563586933;S
20240208;095943;164.620000000;20;9563586934;B
20240208;095943;164.620000000;500;9563586935;B
20240208;095943;164.620000000;10;9563586936;S
20240208;095943;164.620000000;150;9563586937;S
20240208;095943;164.620000000;10;9563586938;B
20240208;095943;164.620000000;30;9563586939;B
20240208;095943;164.620000000;60;9563586940;B
20240208;095943;164.620000000;2500;9563586941;B
20240208;095943;164.620000000;200;9563586942;B
20240208;095943;164.620000000;330;9563586943;B
20240208;095943;164.620000000;10;9563586944;B
20240208;095943;164.620000000;130;9563586945;B
20240208;095943;164.620000000;10;9563586946;B
20240208;095943;164.620000000;10;9563586947;B
20240208;095943;164.620000000;10;9563586948;B
20240208;095943;164.620000000;430;9563586949;B
20240208;095943;164.620000000;600;9563586950;B
20240208;095943;164.620000000;300;9563586951;B
20240208;095943;164.620000000;180;9563586952;B
20240208;095943;164.620000000;10;9563586953;B
20240208;095943;164.620000000;10;9563586954;B
20240208;095943;164.620000000;10;9563586955;S
20240208;095943;164.620000000;20;9563586956;S
20240208;095943;164.620000000;100;9563586957;S
20240208;095943;164.620000000;10;9563586958;B
20240208;095943;164.620000000;10;9563586959;B
20240208;095943;164.620000000;10;9563586960;B
20240208;095943;164.620000000;20;9563586961;S
20240208;095943;164.620000000;2000;9563586962;B
20240208;095943;164.620000000;5000;9563586963;B
20240208;095943;164.620000000;40;9563586964;B
20240208;095943;164.620000000;10;9563586965;B
20240208;095943;164.620000000;10;9563586966;B
20240208;095943;164.620000000;10;9563586967;B
20240208;095943;164.620000000;10;9563586968;B
20240208;095943;164.620000000;5000;9563586969;B
20240208;095943;164.620000000;10;9563586970;B
20240208;095943;164.620000000;10;9563586971;B
20240208;095943;164.620000000;500;9563586972;B
20240208;095943;164.620000000;10;9563586973;B
20240208;095943;164.620000000;10;9563586974;B
20240208;095943;164.620000000;10;9563586975;B
20240208;095943;164.620000000;10;9563586976;B
20240208;095943;164.620000000;10;9563586977;B
20240208;095943;164.620000000;10;9563586978;B
20240208;095943;164.620000000;800;9563586979;B
20240208;095943;164.620000000;20;9563586980;B
20240208;095943;164.620000000;40;9563586981;B
20240208;095943;164.620000000;10;9563586982;B
20240208;095943;164.620000000;40;9563586983;B
20240208;095943;164.620000000;110;9563586984;B
20240208;095943;164.620000000;40;9563586985;B
20240208;095943;164.620000000;10;9563586986;B
20240208;095943;164.620000000;10;9563586987;B
20240208;095943;164.620000000;10;9563586988;B
20240208;095943;164.620000000;10;9563586989;B
20240208;095943;164.620000000;70;9563586990;B
20240208;095943;164.620000000;50;9563586991;B
20240208;095943;164.620000000;10;9563586992;B
20240208;095943;164.620000000;130;9563586993;B
20240208;095943;164.620000000;10;9563586994;B
20240208;095943;164.620000000;10;9563586995;B
20240208;095943;164.620000000;10;9563586996;B
20240208;095943;164.620000000;10;9563586997;B
20240208;095943;164.620000000;10;9563586998;B
20240208;095943;164.620000000;10;9563586999;B
20240208;095943;164.620000000;10;9563587000;B
20240208;095943;164.620000000;10;9563587001;B
20240208;095943;164.620000000;10;9563587002;B
20240208;095943;164.620000000;10;9563587003;B
20240208;095943;164.620000000;10;9563587004;B
20240208;095943;164.620000000;10;9563587005;B
20240208;095943;164.620000000;10;9563587006;B
20240208;095943;164.620000000;10;9563587007;B
20240208;095943;164.620000000;700;9563587008;B
20240208;095943;164.620000000;2930;9563587009;B
20240208;095943;164.620000000;200;9563587010;B
20240208;095943;164.620000000;640;9563587011;S
20240208;095943;164.620000000;30;9563587012;S
20240208;095943;164.620000000;10;9563587013;S
20240208;095943;164.620000000;130;9563587014;S
20240208;095943;164.620000000;30;9563587015;S
20240208;095943;164.620000000;10;9563587016;S
20240208;095943;164.620000000;50;9563587017;S
20240208;095943;164.620000000;10;9563587018;S
20240208;095943;164.620000000;30;9563587019;S
20240208;095943;164.620000000;30;9563587020;S
20240208;095943;164.620000000;10;9563587021;S
20240208;095943;164.620000000;10;9563587022;S
20240208;095943;164.620000000;40;9563587023;S
20240208;095943;164.620000000;130;9563587024;S
20240208;095943;164.620000000;30;9563587025;S
20240208;095943;164.620000000;10;9563587026;S
20240208;095943;164.620000000;60;9563587027;S
20240208;095943;164.620000000;10;9563587028;S
20240208;095943;164.620000000;20;9563587029;S
20240208;095943;164.620000000;10;9563587030;S
20240208;095943;164.620000000;10;9563587031;S
20240208;095943;164.620000000;10;9563587032;S
20240208;095943;164.620000000;20;9563587033;S
20240208;095943;164.620000000;50;9563587034;S
20240208;095943;164.620000000;10;9563587035;S
20240208;095943;164.620000000;20;9563587036;S
20240208;095943;164.620000000;30;9563587037;S
20240208;095943;164.620000000;10;9563587038;S
20240208;095943;164.620000000;10;9563587039;S
20240208;095943;164.620000000;10;9563587040;S
20240208;095943;164.620000000;10;9563587041;S
20240208;095943;164.620000000;120;9563587042;S
20240208;095943;164.620000000;10;9563587043;S
20240208;095943;164.620000000;10;9563587044;S
20240208;095943;164.620000000;40;9563587045;S
20240208;095943;164.620000000;20;9563587046;S
20240208;095943;164.620000000;30;9563587047;S
20240208;095943;164.620000000;10;9563587048;S
20240208;095943;164.620000000;10;9563587049;S
20240208;095943;164.620000000;10;9563587050;S
20240208;095943;164.620000000;10;9563587051;S
20240208;095943;164.620000000;10;9563587052;S
20240208;095943;164.620000000;50;9563587053;S
20240208;095943;164.620000000;10;9563587054;S
20240208;095943;164.620000000;10;9563587055;S
20240208;095943;164.620000000;10;9563587056;S
20240208;095943;164.620000000;10;9563587057;S
20240208;095943;164.620000000;10;9563587058;S
20240208;095943;164.620000000;20;9563587059;S
20240208;095943;164.620000000;10;9563587060;S
20240208;095943;164.620000000;10;9563587061;S
20240208;095943;164.620000000;10;9563587062;S
20240208;095943;164.620000000;60;9563587063;S
20240208;095943;164.620000000;10;9563587064;S
20240208;095943;164.620000000;20;9563587065;S
20240208;095943;164.620000000;60;9563587066;S
20240208;095943;164.620000000;10;9563587067;S
20240208;095943;164.620000000;10;9563587068;B
20240208;095943;164.620000000;110;9563587069;S
20240208;095943;164.620000000;10;9563587070;S
20240208;095943;164.620000000;180;9563587071;S
20240208;095943;164.620000000;10;9563587072;S
20240208;095943;164.620000000;380;9563587073;S
20240208;095943;164.620000000;10;9563587074;S
20240208;095943;164.620000000;10;9563587075;S
20240208;095943;164.620000000;10;9563587076;S
20240208;095943;164.620000000;10;9563587077;S
20240208;095943;164.620000000;20;9563587078;S
20240208;095943;164.620000000;10;9563587079;S
20240208;095943;164.620000000;10;9563587080;S
20240208;095943;164.620000000;10;9563587081;S
20240208;095943;164.620000000;20;9563587082;S
20240208;095943;164.620000000;480;9563587083;S
20240208;095943;164.620000000;10;9563587084;B
20240208;095943;164.620000000;60;9563587085;B
20240208;095943;164.620000000;10;9563587086;B
20240208;095943;164.620000000;940;9563587087;B
20240208;095943;164.620000000;120;9563587088;B
20240208;095943;164.620000000;30;9563587089;B
20240208;095943;164.620000000;10;9563587090;B
20240208;095943;164.620000000;10;9563587091;B
20240208;095943;164.620000000;10;9563587092;B
20240208;095943;164.620000000;10;9563587093;B
20240208;095943;164.620000000;50;9563587094;B
20240208;095943;164.620000000;10;9563587095;B
20240208;095943;164.620000000;10;9563587096;B
20240208;095943;164.620000000;60;9563587097;B
20240208;095943;164.620000000;200;9563587098;B
20240208;095943;164.620000000;10;9563587099;B
20240208;095943;164.620000000;10;9563587100;B
20240208;095943;164.620000000;10;9563587101;B
20240208;095943;164.620000000;10;9563587102;B
20240208;095943;164.620000000;70;9563587103;B
20240208;095943;164.620000000;180;9563587104;B
20240208;095943;164.620000000;30;9563587105;B
20240208;095943;164.620000000;10;9563587106;B
20240208;095943;164.620000000;10;9563587107;B
20240208;095943;164.620000000;20;9563587108;B
20240208;095943;164.620000000;200;9563587109;B
20240208;095943;164.620000000;10;9563587110;B
20240208;095943;164.620000000;10;9563587111;B
20240208;095943;164.620000000;10;9563587112;B
20240208;095943;164.620000000;10;9563587113;B
20240208;095943;164.620000000;10;9563587114;B
20240208;095943;164.620000000;30;9563587115;B
20240208;095943;164.620000000;20;9563587116;B
20240208;095943;164.620000000;10;9563587117;B
20240208;095943;164.620000000;10;9563587118;B
20240208;095943;164.620000000;10;9563587119;B
20240208;095943;164.620000000;300;9563587120;B
20240208;095943;164.620000000;10;9563587121;B
20240208;095943;164.620000000;10;9563587122;B
20240208;095943;164.620000000;10;9563587123;B
20240208;095943;164.620000000;20;9563587124;B
20240208;095943;164.620000000;60;9563587125;B
20240208;095943;164.620000000;10;9563587126;B
20240208;095943;164.620000000;10;9563587127;B
20240208;095943;164.620000000;10;9563587128;B
20240208;095943;164.620000000;9350;9563587129;B
20240208;095943;164.620000000;10;9563587130;B
20240208;095943;164.620000000;10;9563587131;B
20240208;095943;164.620000000;10;9563587132;B
20240208;095943;164.620000000;50;9563587133;B
20240208;095943;164.620000000;10;9563587134;B
20240208;095943;164.620000000;60;9563587135;B
20240208;095943;164.620000000;60;9563587136;B
20240208;095943;164.620000000;10;9563587137;B
20240208;095943;164.620000000;10;9563587138;B
20240208;095943;164.620000000;20;9563587139;B
20240208;095943;164.620000000;10;9563587140;B
20240208;095943;164.620000000;70;9563587141;B
20240208;095943;164.620000000;10;9563587142;B
20240208;095943;164.620000000;10;9563587143;B
20240208;095943;164.620000000;550;9563587144;B
20240208;095943;164.620000000;300;9563587145;B
20240208;100001;164.620000000;60;9563592792;B
20240208;100001;164.620000000;10;9563593503;B
20240208;100002;164.620000000;10;9563594119;B
20240208;100002;164.620000000;10;9563594487;B
20240208;100003;164.620000000;10;9563594966;B
20240208;100003;164.610000000;10;9563595019;S
20240208;100003;164.610000000;10;9563595106;S
20240208;100003;164.610000000;10;9563595107;S
20240208;100003;164.610000000;20;9563595108;S
20240208;100003;164.610000000;180;9563595109;S
20240208;100003;164.620000000;170;9563595358;B
20240208;100003;164.620000000;1730;9563595359;B
20240208;100003;164.620000000;10;9563595378;B
20240208;100004;164.620000000;20;9563595877;B
20240208;100004;164.610000000;10;9563595878;S
20240208;100004;164.620000000;10;9563595879;B
20240208;100004;164.620000000;10;9563595882;B
20240208;100004;164.610000000;10;9563596486;S
20240208;100004;164.620000000;10;9563596488;B
20240208;100004;164.620000000;10;9563596489;B
20240208;100004;164.610000000;20;9563596490;S
20240208;100004;164.620000000;2730;9563596759;B
20240208;100004;164.620000000;100;9563596843;B
20240208;100004;164.620000000;10;9563596847;B
20240208;100004;164.620000000;10;9563596849;B
20240208;100004;164.620000000;10;9563596851;B
20240208;100005;164.610000000;320;9563597016;S
20240208;100005;164.610000000;10;9563597017;S
20240208;100005;164.610000000;610;9563597018;S
20240208;100005;164.610000000;10;9563597421;S
20240208;100005;164.620000000;10;9563597423;B
20240208;100005;164.620000000;10;9563597424;B
20240208;100005;164.610000000;10;9563597425;S
20240208;100005;164.620000000;100;9563597428;B
20240208;100005;164.620000000;100;9563597555;B
20240208;100005;164.620000000;10;9563597557;B
20240208;100005;164.610000000;20;9563597560;S
20240208;100005;164.620000000;10;9563597562;B
20240208;100005;164.620000000;20;9563597564;B
20240208;100005;164.600000000;20;9563597794;S
20240208;100005;164.600000000;10;9563597795;S
20240208;100005;164.620000000;10;9563597798;B
20240208;100005;164.600000000;10;9563597799;S
20240208;100005;164.600000000;20;9563597800;S
20240208;100005;164.620000000;10;9563597801;B
20240208;100005;164.620000000;10;9563597802;B
20240208;100005;164.600000000;20;9563597806;S
20240208;100005;164.600000000;10;9563597876;S
20240208;100005;164.620000000;10;9563598032;B
20240208;100005;164.620000000;60;9563598039;B
20240208;100005;164.620000000;10;9563598040;B
20240208;100005;164.620000000;10;9563598046;B
20240208;100005;164.620000000;10;9563598062;B
20240208;100005;164.620000000;1810;9563598244;B
20240208;100005;164.620000000;40;9563598282;B
20240208;100005;164.620000000;10;9563598285;B
20240208;100005;164.610000000;10;9563598286;S
20240208;100005;164.610000000;10;9563598461;S
20240208;100005;164.620000000;10;9563598463;B
20240208;100005;164.610000000;10;9563598464;S
20240208;100005;164.620000000;10;9563598466;B
20240208;100005;164.610000000;20;9563598467;S
20240208;100006;164.610000000;10;9563598525;S
20240208;100006;164.620000000;10;9563598535;B
20240208;100006;164.620000000;10;9563598541;B
20240208;100006;164.620000000;10;9563598544;B
20240208;100006;164.620000000;20;9563598546;B
20240208;100006;164.620000000;1880;9563598741;B
20240208;100006;164.610000000;50;9563599368;S
20240208;100006;164.610000000;10;9563599375;S
20240208;100006;164.620000000;10;9563599381;B
20240208;100006;164.620000000;10;9563599422;B
20240208;100006;164.620000000;910;9563599423;B
20240208;100006;164.620000000;10;9563599424;B
20240208;100006;164.620000000;10;9563599425;B
20240208;100006;164.620000000;20;9563599426;B
20240208;100006;164.610000000;40;9563599428;S
20240208;100006;164.620000000;10;9563599429;B
20240208;100006;164.610000000;200;9563599557;S
20240208;100006;164.600000000;50;9563599558;S
20240208;100006;164.600000000;10;9563599559;S
20240208;100006;164.600000000;10;9563599560;S
20240208;100006;164.600000000;30;9563599561;S
20240208;100006;164.610000000;10;9563599737;S
20240208;100006;164.620000000;10;9563599738;B
20240208;100006;164.610000000;290;9563599965;S
20240208;100006;164.600000000;10;9563600001;S
20240208;100006;164.610000000;10;9563600089;B
20240208;100007;164.610000000;10;9563600224;B
20240208;100007;164.610000000;10;9563600227;B
20240208;100007;164.610000000;20;9563600228;B
20240208;100007;164.600000000;20;9563600229;S
20240208;100007;164.610000000;10;9563600231;B
20240208;100007;164.610000000;10;9563600232;B
20240208;100007;164.610000000;20;9563600864;B
20240208;100007;164.610000000;10;9563600865;B
20240208;100007;164.610000000;10;9563600866;B
20240208;100007;164.600000000;10;9563600869;S
20240208;100007;164.610000000;10;9563601142;B
20240208;100007;164.600000000;10;9563601143;S
20240208;100007;164.600000000;20;9563601244;S
20240208;100007;164.600000000;400;9563601253;S
20240208;100007;164.600000000;800;9563601254;S
20240208;100007;164.610000000;20;9563601598;B
20240208;100007;164.610000000;10;9563601599;B
20240208;100007;164.610000000;10;9563601601;B
20240208;100007;164.610000000;10;9563601603;B
20240208;100007;164.610000000;10;9563601604;B
20240208;100007;164.610000000;110;9563601740;B
20240208;100008;164.600000000;10;9563602132;S
20240208;100008;164.610000000;10;9563602133;B
20240208;100008;164.600000000;140;9563602134;S
20240208;100008;164.600000000;20;9563602135;S
20240208;100008;164.600000000;50;9563602440;S
20240208;100008;164.610000000;10;9563602441;B
20240208;100010;164.610000000;120;9563603279;B
20240208;100010;164.620000000;150;9563603280;B
20240208;100010;164.620000000;10;9563603299;B
20240208;100010;164.610000000;560;9563603383;S
20240208;100010;164.620000000;420;9563603523;B
20240208;100010;164.620000000;10000;9563603554;B
20240208;100010;164.620000000;20;9563603565;B
20240208;100010;164.620000000;10;9563603572;B
20240208;100011;164.610000000;1500;9563603671;S
20240208;100011;164.620000000;10;9563603680;B
20240208;100011;164.620000000;50;9563603707;B
20240208;100011;164.620000000;100;9563603804;B
20240208;100011;164.620000000;380;9563603841;B
20240208;100011;164.610000000;530;9563603872;S
20240208;100011;164.620000000;120;9563603877;B
20240208;100011;164.610000000;1500;9563603895;S
20240208;100011;164.610000000;50;9563603977;B
20240208;100011;164.600000000;30;9563603979;S
20240208;100012;164.600000000;80;9563604189;S
20240208;100012;164.600000000;4000;9563604285;S
20240208;100013;164.600000000;10;9563604501;S
20240208;100013;164.600000000;570;9563604535;S
20240208;100014;164.610000000;10;9563604920;B
20240208;100014;164.610000000;70;9563604991;B
20240208;100015;164.610000000;150;9563605265;B
20240208;100015;164.610000000;300;9563605266;B
20240208;100016;164.620000000;1410;9563605399;B
20240208;100016;164.620000000;10;9563605496;B
20240208;100016;164.620000000;10000;9563605615;B
20240208;100017;164.620000000;50;9563605933;B
20240208;100018;164.620000000;10;9563606203;B
20240208;100018;164.610000000;10;9563606315;S
20240208;100018;164.600000000;130;9563606316;S
20240208;100019;164.620000000;10;9563606486;B
20240208;100019;164.620000000;220;9563606666;B
20240208;100019;164.620000000;10;9563606688;B
20240208;100021;164.620000000;1000;9563607090;B
20240208;100021;164.600000000;10;9563607159;S
20240208;100022;164.620000000;100;9563607452;B
20240208;100022;164.620000000;140;9563607569;B
20240208;100023;164.610000000;10;9563607684;S
20240208;100023;164.620000000;10;9563607690;B
20240208;100023;164.600000000;50;9563607809;S
20240208;100023;164.620000000;100;9563607853;B
20240208;100023;164.620000000;10;9563607854;B
20240208;100024;164.620000000;20;9563607950;B
20240208;100026;164.620000000;10;9563608508;B
20240208;100026;164.620000000;80;9563608571;B
20240208;100026;164.620000000;4000;9563608596;B
20240208;100027;164.620000000;10;9563608657;B
20240208;100028;164.600000000;480;9563609061;S
20240208;100028;164.620000000;210;9563609194;B
20240208;100030;164.620000000;10;9563609685;B
20240208;100031;164.620000000;10;9563610023;B
20240208;100032;164.610000000;90;9563610078;S
20240208;100032;164.610000000;100;9563610167;S
20240208;100032;164.610000000;90;9563610179;S
20240208;100032;164.610000000;10;9563610263;S
20240208;100032;164.610000000;100;9563610294;S
20240208;100033;164.620000000;50;9563610318;B
20240208;100033;164.610000000;500;9563610322;S
20240208;100033;164.620000000;500;9563610374;B
20240208;100033;164.610000000;300;9563610441;S
20240208;100033;164.620000000;5000;9563610444;B
20240208;100033;164.610000000;70;9563610471;S
20240208;100033;164.610000000;1830;9563610472;S
20240208;100033;164.600000000;43100;9563610473;S
20240208;100034;164.620000000;870;9563610644;B
20240208;100034;164.620000000;20;9563610651;B
20240208;100034;164.620000000;10;9563610698;B
20240208;100034;164.620000000;70;9563610724;B
20240208;100035;164.610000000;700;9563610848;S
20240208;100035;164.610000000;100;9563610890;S
20240208;100035;164.610000000;70;9563610914;S
20240208;100036;164.610000000;100;9563610961;S
20240208;100036;164.610000000;100;9563611009;S
20240208;100036;164.610000000;100;9563611021;S
20240208;100036;164.610000000;100;9563611022;S
20240208;100036;164.610000000;300;9563611025;S
20240208;100036;164.610000000;500;9563611026;S
20240208;100036;164.610000000;200;9563611027;S
20240208;100036;164.610000000;100;9563611028;S
20240208;100036;164.610000000;200;9563611029;S
20240208;100036;164.610000000;300;9563611030;S
20240208;100036;164.610000000;100;9563611031;S
20240208;100036;164.610000000;100;9563611032;S
20240208;100036;164.610000000;100;9563611043;S
20240208;100037;164.610000000;100;9563611260;S
20240208;100037;164.610000000;100;9563611327;S
20240208;100037;164.610000000;100;9563611360;S
20240208;100037;164.610000000;100;9563611380;S
20240208;100038;164.610000000;100;9563611505;S
20240208;100038;164.620000000;10000;9563611513;B
20240208;100038;164.610000000;10;9563611539;S
20240208;100038;164.610000000;100;9563611590;S
20240208;100038;164.610000000;100;9563611638;S
20240208;100038;164.610000000;100;9563611640;S
20240208;100038;164.620000000;20;9563611698;B
20240208;100039;164.610000000;100;9563611892;S
20240208;100039;164.610000000;100;9563611932;S
20240208;100039;164.610000000;100;9563611936;S
20240208;100039;164.610000000;100;9563611967;S
20240208;100039;164.610000000;100;9563612003;S
20240208;100039;164.620000000;4990;9563612035;B
20240208;100040;164.610000000;100;9563612040;S
20240208;100040;164.610000000;100;9563612129;S
20240208;100040;164.610000000;100;9563612132;S
20240208;100040;164.610000000;100;9563612148;S
20240208;100040;164.610000000;100;9563612234;S
20240208;100040;164.610000000;100;9563612266;S
20240208;100040;164.620000000;50;9563612311;B
20240208;100041;164.620000000;10;9563612636;B
20240208;100042;164.610000000;20;9563612734;S
20240208;100042;164.610000000;100;9563612785;S
20240208;100042;164.610000000;100;9563612806;S
20240208;100043;164.610000000;1050;9563613122;S
20240208;100044;164.610000000;200;9563613232;S
20240208;100044;164.610000000;100;9563613290;S
20240208;100045;164.610000000;100;9563613544;S
20240208;100045;164.620000000;10;9563613571;B
20240208;100045;164.610000000;100;9563613594;S
20240208;100045;164.610000000;100;9563613609;S
20240208;100045;164.610000000;300;9563613614;S
20240208;100045;164.610000000;100;9563613615;S
20240208;100045;164.620000000;150;9563613621;B
20240208;100045;164.610000000;200;9563613623;S
20240208;100045;164.610000000;100;9563613624;S
20240208;100045;164.610000000;600;9563613625;S
20240208;100045;164.610000000;100;9563613626;S
20240208;100045;164.610000000;200;9563613628;S
20240208;100045;164.610000000;100;9563613642;S
20240208;100045;164.610000000;100;9563613680;S
20240208;100047;164.620000000;30;9563614126;B
20240208;100047;164.610000000;100;9563614205;S
20240208;100047;164.610000000;100;9563614365;S
20240208;100048;164.620000000;10;9563614458;B
20240208;100048;164.610000000;100;9563614613;S
20240208;100049;164.610000000;200;9563614810;S
20240208;100049;164.620000000;50;9563614970;B
20240208;100050;164.620000000;10;9563615316;B
20240208;100050;164.620000000;10;9563615448;B
20240208;100053;164.620000000;10;9563616361;B
20240208;100053;164.610000000;930;9563616540;S
20240208;100053;164.610000000;50;9563616541;S
20240208;100053;164.610000000;50;9563616542;S
20240208;100053;164.600000000;620;9563616543;S
20240208;100053;164.620000000;10;9563616602;B
20240208;100053;164.620000000;50;9563616680;B
20240208;100054;164.620000000;100;9563616809;B
20240208;100054;164.610000000;200;9563617058;S
20240208;100055;164.610000000;200;9563617088;S
20240208;100055;164.610000000;1000;9563617123;S
20240208;100056;164.620000000;550;9563617527;B
20240208;100057;164.610000000;90;9563617721;S
20240208;100057;164.620000000;20;9563617939;B
20240208;100058;164.620000000;1230;9563618097;B
20240208;100058;164.610000000;810;9563618159;S
20240208;100058;164.610000000;190;9563618160;S
20240208;100059;164.610000000;20;9563618391;S
20240208;100100;164.610000000;10;9563618639;S
20240208;100101;164.620000000;10;9563618872;B
20240208;100101;164.610000000;100;9563618882;S
20240208;100101;164.610000000;100;9563619001;S
20240208;100101;164.610000000;100;9563619003;S
20240208;100101;164.610000000;100;9563619043;S
20240208;100101;164.610000000;40;9563619061;S
20240208;100101;164.610000000;30;9563619111;S
20240208;100102;164.610000000;7050;9563619181;S
20240208;100102;164.610000000;2260;9563619182;S
20240208;100102;164.610000000;420;9563619183;S
20240208;100102;164.610000000;20;9563619259;B
20240208;100102;164.610000000;10;9563619301;B
20240208;100102;164.610000000;10;9563619333;B
20240208;100103;164.600000000;10;9563619473;S
20240208;100103;164.620000000;10;9563619479;B
20240208;100103;164.610000000;100;9563619642;B
20240208;100104;164.610000000;210;9563619685;S
20240208;100104;164.600000000;100;9563619687;S
20240208;100104;164.600000000;200;9563619688;S
20240208;100104;164.600000000;170;9563619699;S
20240208;100104;164.610000000;40;9563619764;B
20240208;100104;164.610000000;10;9563619823;B
20240208;100104;164.610000000;10;9563619859;B
20240208;100105;164.610000000;130;9563619879;B
20240208;100105;164.610000000;290;9563619880;B
20240208;100105;164.600000000;240;9563620010;S
20240208;100105;164.610000000;10;9563620030;B
20240208;100105;164.610000000;100;9563620031;B
20240208;100105;164.610000000;1950;9563620032;B
20240208;100106;164.620000000;20;9563620212;B
20240208;100106;164.620000000;10;9563620407;B
20240208;100107;164.620000000;20;9563620531;B
20240208;100108;164.600000000;100;9563620862;S
20240208;100108;164.600000000;100;9563620918;S
20240208;100108;164.620000000;10;9563620956;B
20240208;100110;164.620000000;900;9563621327;B
20240208;100111;164.620000000;10;9563621449;B
20240208;100111;164.620000000;400;9563621458;B
20240208;100111;164.620000000;20;9563621459;B
20240208;100111;164.610000000;200;9563621518;S
20240208;100111;164.620000000;50;9563621602;B
20240208;100111;164.610000000;300;9563621603;S
20240208;100111;164.610000000;10;9563621604;S
20240208;100111;164.610000000;90;9563621605;S
20240208;100111;164.610000000;200;9563621606;S
20240208;100111;164.610000000;100;9563621607;S
20240208;100111;164.610000000;300;9563621613;S
20240208;100112;164.610000000;10;9563621653;S
20240208;100112;164.610000000;1130;9563621664;S
20240208;100112;164.600000000;390;9563621665;S
20240208;100112;164.620000000;50;9563621669;B
20240208;100112;164.600000000;620;9563621799;S
20240208;100113;164.620000000;190;9563621907;B
20240208;100113;164.600000000;700;9563622009;S
20240208;100114;164.620000000;50;9563622176;B
20240208;100114;164.620000000;10;9563622187;B
20240208;100115;164.620000000;2460;9563622415;B
20240208;100115;164.620000000;10;9563622416;B
20240208;100115;164.620000000;10;9563622417;B
20240208;100115;164.620000000;10;9563622418;B
20240208;100115;164.620000000;10;9563622419;B
20240208;100115;164.620000000;10;9563622420;B
20240208;100115;164.620000000;10;9563622421;B
20240208;100115;164.620000000;120;9563622422;B
20240208;100115;164.620000000;100;9563622423;B
20240208;100115;164.620000000;60;9563622424;B
20240208;100115;164.620000000;60;9563622425;B
20240208;100115;164.620000000;120;9563622426;B
20240208;100115;164.620000000;110;9563622427;B
20240208;100115;164.620000000;10;9563622428;B
20240208;100115;164.620000000;60;9563622429;B
20240208;100115;164.620000000;10;9563622430;B
20240208;100115;164.620000000;10;9563622431;B
20240208;100115;164.620000000;160;9563622432;B
20240208;100115;164.620000000;10;9563622433;B
20240208;100115;164.630000000;10;9563622434;B
20240208;100115;164.640000000;10;9563622435;B
20240208;100115;164.640000000;300;9563622436;B
20240208;100115;164.640000000;2120;9563622437;B
20240208;100115;164.650000000;10;9563622438;B
20240208;100115;164.660000000;10;9563622439;B
20240208;100115;164.670000000;10;9563622440;B
20240208;100115;164.670000000;10;9563622441;B
20240208;100115;164.680000000;300;9563622442;B
20240208;100115;164.680000000;10;9563622443;B
20240208;100115;164.680000000;10;9563622444;B
20240208;100115;164.680000000;1830;9563622445;B
20240208;100115;164.680000000;1830;9563622446;B
20240208;100115;164.690000000;10;9563622447;B
20240208;100115;164.690000000;70;9563622448;B
20240208;100115;164.690000000;110;9563622449;B
20240208;100115;164.680000000;500;9563622513;B
20240208;100115;164.680000000;50;9563622563;B
20240208;100116;164.680000000;180;9563622649;B
20240208;100116;164.680000000;50;9563622660;B
20240208;100116;164.680000000;50;9563622687;B
20240208;100116;164.620000000;10;9563622741;S
20240208;100116;164.660000000;50;9563622751;B
20240208;100116;164.660000000;50;9563622840;B
20240208;100117;164.610000000;20;9563623033;S
20240208;100117;164.620000000;80;9563623148;S
20240208;100118;164.660000000;680;9563623158;B
20240208;100118;164.670000000;1680;9563623178;B
20240208;100118;164.660000000;1700;9563623220;B
20240208;100119;164.670000000;30;9563623473;B
20240208;100119;164.630000000;10;9563623568;S
20240208;100119;164.630000000;190;9563623569;S
20240208;100119;164.630000000;110;9563623572;S
20240208;100119;164.630000000;10;9563623620;B
20240208;100119;164.630000000;10;9563623686;B
20240208;100120;164.620000000;70;9563623716;S
20240208;100120;164.630000000;70;9563623833;B
20240208;100120;164.630000000;340;9563623834;B
20240208;100121;164.620000000;1500;9563624045;S
20240208;100122;164.630000000;10;9563624149;B
20240208;100122;164.630000000;150;9563624251;B
20240208;100122;164.630000000;800;9563624252;B
20240208;100122;164.630000000;100;9563624253;B
20240208;100122;164.690000000;20;9563624314;B
20240208;100123;164.690000000;1680;9563624565;B
20240208;100123;164.690000000;2730;9563624615;B
20240208;100123;164.700000000;10;9563624845;B
20240208;100123;164.700000000;10;9563624900;B
20240208;100123;164.700000000;300;9563624901;S
20240208;100123;164.700000000;300;9563624902;S
20240208;100124;164.710000000;10;9563624958;B
20240208;100124;164.720000000;10;9563624959;B
20240208;100124;164.720000000;10;9563624960;B
20240208;100124;164.720000000;10;9563624961;B
20240208;100124;164.730000000;10;9563624962;B
20240208;100124;164.730000000;220;9563624963;B
20240208;100124;164.740000000;100;9563624964;B
20240208;100124;164.740000000;500;9563624965;B
20240208;100124;164.740000000;10;9563624966;B
20240208;100124;164.740000000;220;9563624967;B
20240208;100124;164.740000000;10;9563624968;B
20240208;100124;164.740000000;300;9563624969;B
20240208;100124;164.750000000;10;9563624970;B
20240208;100124;164.750000000;220;9563624971;B
20240208;100124;164.750000000;480;9563624972;B
20240208;100124;164.750000000;10;9563624992;B
20240208;100124;164.750000000;40;9563625136;B
20240208;100125;164.660000000;900;9563625316;S
20240208;100125;164.660000000;300;9563625317;S
20240208;100125;164.630000000;2900;9563625318;S
20240208;100125;164.640000000;300;9563625686;S
20240208;100126;164.640000000;50;9563625844;B
20240208;100126;164.640000000;50;9563625896;B
20240208;100126;164.640000000;400;9563625897;B
20240208;100126;164.640000000;1000;9563625898;B
20240208;100126;164.640000000;240;9563626035;S
20240208;100126;164.710000000;120;9563626071;B
20240208;100126;164.640000000;490;9563626090;S
20240208;100127;164.640000000;110;9563626147;S
20240208;100127;164.690000000;440;9563626158;B
20240208;100127;164.700000000;300;9563626289;B
20240208;100127;164.700000000;1510;9563626290;B
20240208;100128;164.710000000;2060;9563626636;B
20240208;100128;164.710000000;940;9563626637;B
20240208;100128;164.720000000;60;9563626847;B
20240208;100129;164.660000000;10;9563626848;S
20240208;100129;164.650000000;80;9563626849;S
20240208;100130;164.640000000;10;9563627149;S
20240208;100130;164.640000000;30;9563627204;S
20240208;100131;164.650000000;100;9563627583;S
20240208;100133;164.650000000;10;9563627921;B
20240208;100133;164.650000000;90;9563627922;B
20240208;100133;164.650000000;100;9563627923;B
20240208;100133;164.650000000;100;9563627924;B
20240208;100133;164.650000000;210;9563627925;B
20240208;100133;164.650000000;230;9563627927;B
20240208;100133;164.650000000;30;9563628071;B
20240208;100133;164.650000000;30;9563628097;B
20240208;100133;164.650000000;100;9563628098;B
20240208;100133;164.650000000;70;9563628099;B
20240208;100134;164.640000000;10;9563628196;S
20240208;100134;164.640000000;10;9563628229;S
20240208;100135;164.650000000;20;9563628415;B
20240208;100135;164.650000000;110;9563628578;B
20240208;100135;164.650000000;100;9563628579;B
20240208;100135;164.650000000;400;9563628580;B
20240208;100136;164.700000000;10;9563628711;B
20240208;100136;164.720000000;10;9563628712;B
20240208;100136;164.730000000;10;9563628713;B
20240208;100136;164.660000000;250;9563628915;S
20240208;100137;164.670000000;10;9563629003;S
20240208;100137;164.660000000;500;9563629097;S
20240208;100137;164.660000000;200;9563629104;S
20240208;100137;164.660000000;100;9563629105;S
20240208;100137;164.650000000;100;9563629111;S
20240208;100138;164.660000000;10;9563629238;B
20240208;100139;164.650000000;120;9563629416;S
20240208;100139;164.650000000;10;9563629436;S
20240208;100139;164.660000000;20;9563629488;B
20240208;100140;164.650000000;40;9563629620;S
20240208;100140;164.660000000;70;9563629639;B
20240208;100140;164.660000000;50;9563629640;B
20240208;100141;164.660000000;10;9563629787;B
20240208;100144;164.650000000;200;9563630340;S
20240208;100144;164.650000000;200;9563630341;S
20240208;100144;164.650000000;200;9563630342;S
20240208;100145;164.660000000;10;9563630782;B
20240208;100147;164.660000000;30;9563630993;B
20240208;100147;164.660000000;70;9563630994;B
20240208;100147;164.650000000;50;9563631053;S
20240208;100147;164.660000000;30;9563631081;B
20240208;100147;164.660000000;200;9563631082;B
20240208;100147;164.660000000;100;9563631083;B
20240208;100147;164.660000000;100;9563631084;B
20240208;100147;164.660000000;100;9563631085;B
20240208;100147;164.660000000;200;9563631086;B
20240208;100147;164.660000000;100;9563631087;B
20240208;100147;164.660000000;200;9563631088;B
20240208;100147;164.660000000;200;9563631089;B
20240208;100147;164.660000000;100;9563631090;B
20240208;100147;164.660000000;200;9563631091;B
20240208;100147;164.660000000;100;9563631092;B
20240208;100147;164.680000000;300;9563631093;B
20240208;100147;164.690000000;10;9563631094;B
20240208;100147;164.700000000;600;9563631095;B
20240208;100147;164.710000000;10;9563631096;B
20240208;100147;164.720000000;10;9563631097;B
20240208;100147;164.720000000;1000;9563631098;B
20240208;100147;164.730000000;210;9563631099;B
20240208;100147;164.730000000;1000;9563631100;B
20240208;100147;164.730000000;230;9563631101;B
20240208;100149;164.720000000;300;9563631957;B
20240208;100149;164.720000000;200;9563631958;B
20240208;100149;164.670000000;10;9563632336;S
20240208;100150;164.670000000;10;9563632558;B
20240208;100151;164.660000000;10;9563632988;S
20240208;100151;164.650000000;40;9563632989;S
20240208;100151;164.650000000;180;9563632990;S
20240208;100151;164.650000000;200;9563632991;S
20240208;100151;164.650000000;200;9563632992;S
20240208;100151;164.650000000;100;9563632993;S
20240208;100151;164.650000000;100;9563632994;S
20240208;100151;164.650000000;100;9563632995;S
20240208;100151;164.650000000;100;9563632996;S
20240208;100152;164.650000000;3520;9563633187;S
20240208;100152;164.650000000;600;9563633188;S
20240208;100152;164.650000000;20;9563633189;S
20240208;100152;164.640000000;300;9563633190;S
20240208;100152;164.630000000;100;9563633191;S
20240208;100152;164.630000000;20;9563633192;S
20240208;100152;164.620000000;10;9563633193;S
20240208;100152;164.620000000;20;9563633194;S
20240208;100152;164.620000000;960;9563633195;S
20240208;100152;164.620000000;100;9563633196;S
20240208;100152;164.620000000;100;9563633197;S
20240208;100152;164.620000000;100;9563633198;S
20240208;100152;164.710000000;300;9563633290;B
20240208;100152;164.700000000;170;9563633338;B
20240208;100153;164.680000000;70;9563633553;B
20240208;100153;164.620000000;10;9563633718;S
20240208;100153;164.610000000;190;9563633719;S
20240208;100154;164.670000000;10;9563634058;B
20240208;100154;164.690000000;20;9563634059;B
20240208;100154;164.690000000;80;9563634069;B
20240208;100155;164.680000000;200;9563634318;B
20240208;100155;164.700000000;10;9563634416;B
20240208;100155;164.700000000;100;9563634417;B
20240208;100156;164.690000000;50;9563634790;B
20240208;100157;164.650000000;10;9563634868;S
20240208;100157;164.670000000;300;9563634958;S
20240208;100157;164.720000000;10;9563635004;B
20240208;100157;164.720000000;30;9563635005;B
20240208;100158;164.720000000;50;9563635156;B
20240208;100158;164.670000000;1530;9563635202;S
20240208;100158;164.670000000;300;9563635203;S
20240208;100158;164.660000000;10;9563635245;S
20240208;100158;164.670000000;170;9563635292;B
20240208;100159;164.730000000;10;9563635437;B
20240208;100159;164.730000000;10;9563635502;B
20240208;100200;164.730000000;1000;9563635650;B
20240208;100200;164.690000000;10;9563635767;S
20240208;100201;164.700000000;50;9563635853;B
20240208;100201;164.740000000;10;9563635907;B
20240208;100202;164.740000000;50;9563636057;B
20240208;100203;164.740000000;1000;9563636444;B
20240208;100204;164.690000000;100;9563636546;S
20240208;100204;164.690000000;90;9563636691;S
20240208;100205;164.690000000;10;9563636739;B
20240208;100205;164.680000000;30;9563636776;S
20240208;100205;164.680000000;10;9563636810;S
20240208;100207;164.680000000;10;9563637446;S
20240208;100207;164.690000000;100;9563637627;B
20240208;100207;164.690000000;100;9563637628;B
20240208;100207;164.690000000;600;9563637629;B
20240208;100207;164.700000000;10;9563637630;B
20240208;100207;164.720000000;10;9563637631;B
20240208;100207;164.720000000;2120;9563637632;B
20240208;100207;164.730000000;800;9563637633;S
20240208;100207;164.730000000;300;9563637634;S
20240208;100207;164.730000000;400;9563637635;S
20240208;100207;164.730000000;400;9563637636;S
20240208;100207;164.730000000;1000;9563637637;S
20240208;100207;164.730000000;100;9563637638;S
20240208;100207;164.730000000;300;9563637639;S
20240208;100207;164.730000000;300;9563637641;S
20240208;100207;164.730000000;300;9563637642;S
20240208;100207;164.730000000;500;9563637646;S
20240208;100207;164.730000000;100;9563637647;S
20240208;100208;164.730000000;400;9563637764;S
20240208;100208;164.740000000;10;9563637793;B
20240208;100208;164.750000000;10;9563637794;B
20240208;100208;164.760000000;10;9563637808;B
20240208;100208;164.760000000;10;9563637809;B
20240208;100208;164.760000000;100;9563637810;B
20240208;100210;164.730000000;100;9563638341;S
20240208;100210;164.730000000;400;9563638342;S
20240208;100210;164.730000000;200;9563638343;S
20240208;100210;164.730000000;100;9563638383;S
20240208;100210;164.740000000;10;9563638529;B
20240208;100211;164.750000000;10;9563638749;B
20240208;100211;164.760000000;1080;9563638821;B
20240208;100212;164.760000000;300;9563638874;B
20240208;100212;164.760000000;700;9563638875;B
20240208;100212;164.730000000;10;9563638947;S
20240208;100212;164.760000000;20;9563638981;B
20240208;100212;164.760000000;10;9563639002;B
20240208;100212;164.760000000;50;9563639044;B
20240208;100212;164.760000000;10;9563639048;B
20240208;100213;164.730000000;1350;9563639069;S
20240208;100213;164.720000000;10;9563639070;S
20240208;100213;164.710000000;10;9563639071;S
20240208;100213;164.700000000;10;9563639072;S
20240208;100213;164.700000000;300;9563639073;S
20240208;100213;164.690000000;10;9563639203;S
20240208;100213;164.690000000;10;9563639204;S
20240208;100213;164.690000000;170;9563639205;S
20240208;100213;164.700000000;20;9563639226;B
20240208;100213;164.700000000;20;9563639227;B
20240208;100215;164.700000000;50;9563639555;S
20240208;100215;164.700000000;40;9563639672;S
20240208;100215;164.680000000;180;9563639673;S
20240208;100215;164.680000000;50;9563639674;S
20240208;100215;164.680000000;340;9563639675;S
20240208;100215;164.680000000;10;9563639676;S
20240208;100215;164.670000000;1830;9563639677;S
20240208;100215;164.670000000;1050;9563639678;S
20240208;100216;164.750000000;30;9563639852;B
20240208;100216;164.700000000;150;9563639890;S
20240208;100216;164.700000000;40;9563639891;S
20240208;100216;164.670000000;300;9563639892;S
20240208;100216;164.670000000;100;9563639945;B
20240208;100217;164.670000000;300;9563639977;S
20240208;100217;164.660000000;560;9563639978;S
20240208;100217;164.720000000;10;9563640007;B
20240208;100218;164.720000000;10;9563640234;B
20240208;100219;164.700000000;60;9563640622;B
20240208;100219;164.700000000;140;9563640687;B
20240208;100219;164.720000000;290;9563640688;B
20240208;100219;164.730000000;10;9563640689;B
20240208;100219;164.740000000;10;9563640690;B
20240208;100219;164.750000000;490;9563640691;B
20240208;100221;164.740000000;10;9563641055;B
20240208;100221;164.740000000;300;9563641056;B
20240208;100221;164.760000000;990;9563641057;B
20240208;100221;164.690000000;300;9563641096;S
20240208;100221;164.690000000;100;9563641097;S
20240208;100221;164.670000000;70;9563641098;S
20240208;100221;164.670000000;730;9563641099;S
20240208;100222;164.730000000;10;9563641200;B
20240208;100222;164.730000000;400;9563641295;B
20240208;100222;164.670000000;500;9563641309;S
20240208;100223;164.670000000;100;9563641595;B
20240208;100223;164.670000000;100;9563641606;B
20240208;100223;164.670000000;200;9563641607;B
20240208;100223;164.670000000;200;9563641608;B
20240208;100223;164.700000000;30;9563641632;S
20240208;100223;164.680000000;300;9563641633;S
20240208;100224;164.680000000;70;9563641650;S
20240208;100224;164.730000000;10;9563641655;B
20240208;100224;164.740000000;70;9563641656;B
20240208;100224;164.740000000;290;9563641657;B
20240208;100224;164.680000000;80;9563641679;S
20240208;100225;164.750000000;300;9563641857;B
20240208;100225;164.760000000;700;9563641858;B
20240208;100225;164.750000000;300;9563641931;B
20240208;100226;164.760000000;10;9563642003;B
20240208;100226;164.760000000;10;9563642048;B
20240208;100228;164.760000000;10;9563642379;B
20240208;100229;164.760000000;10;9563642707;B
20240208;100229;164.760000000;30;9563642708;B
20240208;100230;164.710000000;30;9563642829;S
20240208;100230;164.760000000;150;9563642951;B
20240208;100232;164.760000000;10;9563643200;B
20240208;100233;164.750000000;10;9563643472;B
20240208;100233;164.760000000;10;9563643473;B
20240208;100233;164.760000000;100;9563643560;B
20240208;100233;164.760000000;800;9563643600;B
20240208;100235;164.760000000;130;9563643846;B
20240208;100237;164.760000000;10;9563644254;B
20240208;100238;164.760000000;10;9563644600;B
20240208;100239;164.760000000;1680;9563644695;B
20240208;100239;164.760000000;10;9563644696;B
20240208;100239;164.770000000;10;9563644697;B
20240208;100239;164.770000000;4940;9563644698;B
20240208;100239;164.770000000;300;9563644699;B
20240208;100239;164.770000000;10;9563644700;B
20240208;100239;164.770000000;2120;9563644701;B
20240208;100239;164.780000000;10930;9563644702;B
20240208;100241;164.720000000;10;9563645026;S
20240208;100241;164.720000000;10;9563645135;S
20240208;100242;164.780000000;10;9563645300;B
20240208;100242;164.780000000;100;9563645425;B
20240208;100243;164.780000000;200;9563645534;B
20240208;100244;164.780000000;230;9563645860;B
20240208;100245;164.780000000;20;9563646041;B
20240208;100245;164.780000000;10;9563646085;B
20240208;100245;164.780000000;10;9563646098;B
20240208;100246;164.720000000;10;9563646230;S
20240208;100246;164.720000000;270;9563646235;S
20240208;100246;164.710000000;330;9563646236;S
20240208;100246;164.710000000;200;9563646237;S
20240208;100246;164.710000000;50;9563646238;S
20240208;100246;164.700000000;1530;9563646239;S
20240208;100246;164.710000000;10;9563646326;S
20240208;100247;164.770000000;10;9563646605;B
20240208;100248;164.770000000;10;9563646722;B
20240208;100249;164.770000000;10;9563646888;B
20240208;100250;164.770000000;10;9563647122;B
20240208;100250;164.710000000;290;9563647186;S
20240208;100250;164.700000000;210;9563647187;S
20240208;100251;164.770000000;100;9563647296;B
20240208;100251;164.710000000;10;9563647342;S
20240208;100251;164.710000000;20;9563647390;S
20240208;100252;164.710000000;270;9563647510;S
20240208;100252;164.700000000;30;9563647511;S
20240208;100252;164.770000000;10;9563647598;B
20240208;100253;164.770000000;10;9563647763;B
20240208;100254;164.770000000;150;9563647817;B
20240208;100254;164.770000000;200;9563647955;B
20240208;100255;164.720000000;10;9563648024;S
20240208;100255;164.770000000;10;9563648116;B
20240208;100256;164.770000000;50;9563648271;B
20240208;100257;164.720000000;10;9563648489;S
20240208;100257;164.710000000;300;9563648490;S
20240208;100257;164.710000000;20;9563648491;S
20240208;100257;164.710000000;20;9563648492;S
20240208;100257;164.710000000;20;9563648493;S
20240208;100257;164.700000000;230;9563648494;S
20240208;100257;164.700000000;20;9563648495;S
20240208;100258;164.710000000;60;9563648730;S
20240208;100258;164.760000000;20;9563648769;B
20240208;100259;164.750000000;10;9563648993;S
20240208;100300;164.750000000;90;9563649084;S
20240208;100300;164.710000000;10;9563649085;S
20240208;100300;164.710000000;10;9563649176;S
20240208;100300;164.710000000;10;9563649194;S
20240208;100300;164.760000000;10;9563649221;B
20240208;100301;164.710000000;10;9563649270;S
20240208;100301;164.710000000;60;9563649347;S
20240208;100301;164.760000000;10;9563649363;B
20240208;100302;164.760000000;10;9563649443;B
20240208;100305;164.750000000;50;9563650088;B
20240208;100305;164.760000000;30;9563650189;B
20240208;100305;164.770000000;40;9563650190;B
20240208;100306;164.770000000;10;9563650191;B
20240208;100306;164.710000000;200;9563650269;S
20240208;100306;164.710000000;1800;9563650270;S
20240208;100307;164.770000000;10;9563650375;B
20240208;100307;164.760000000;500;9563650500;S
20240208;100308;164.770000000;40;9563650639;B
20240208;100308;164.770000000;330;9563650678;B
20240208;100308;164.770000000;4670;9563650679;B
20240208;100309;164.760000000;500;9563650889;S
20240208;100309;164.730000000;1000;9563650890;S
20240208;100309;164.780000000;400;9563650964;B
20240208;100310;164.720000000;100;9563651179;S
20240208;100311;164.780000000;80;9563651406;B
20240208;100311;164.720000000;10;9563651463;S
20240208;100312;164.780000000;320;9563651684;B
20240208;100312;164.720000000;270;9563651701;S
20240208;100313;164.780000000;180;9563651889;B
20240208;100313;164.720000000;20;9563651910;S
20240208;100313;164.780000000;100;9563651985;B
20240208;100314;164.780000000;100;9563652114;B
20240208;100314;164.720000000;280;9563652161;S
20240208;100314;164.710000000;10;9563652162;S
20240208;100314;164.710000000;1910;9563652163;S
20240208;100314;164.720000000;10;9563652227;S
20240208;100315;164.780000000;190;9563652310;B
20240208;100315;164.780000000;10;9563652341;B
20240208;100316;164.780000000;10;9563652448;B
20240208;100316;164.780000000;50;9563652452;B
20240208;100316;164.730000000;10;9563652564;S
20240208;100316;164.710000000;10;9563652565;S
20240208;100317;164.770000000;10;9563652815;B
20240208;100317;164.780000000;140;9563652816;B
20240208;100318;164.780000000;10;9563652891;B
20240208;100318;164.780000000;10;9563652981;B
20240208;100319;164.780000000;10;9563653064;B
20240208;100319;164.780000000;70;9563653302;B
20240208;100320;164.730000000;50;9563653345;S
20240208;100320;164.780000000;310;9563653347;B
20240208;100320;164.780000000;10;9563653348;B
20240208;100320;164.790000000;10;9563653349;B
20240208;100320;164.790000000;100;9563653350;B
20240208;100320;164.790000000;40;9563653351;B
20240208;100320;164.800000000;10;9563653352;B
20240208;100320;164.800000000;300;9563653353;B
20240208;100320;164.800000000;10;9563653354;B
20240208;100320;164.800000000;300;9563653355;B
20240208;100320;164.810000000;10;9563653356;B
20240208;100320;164.810000000;220;9563653357;B
20240208;100320;164.810000000;70;9563653358;B
20240208;100320;164.820000000;10;9563653359;B
20240208;100320;164.820000000;220;9563653360;B
20240208;100320;164.830000000;10;9563653361;B
20240208;100320;164.830000000;220;9563653362;B
20240208;100320;164.830000000;10;9563653363;B
20240208;100320;164.840000000;100;9563653364;B
20240208;100320;164.840000000;10;9563653365;B
20240208;100320;164.840000000;390;9563653366;B
20240208;100320;164.840000000;220;9563653367;B
20240208;100320;164.840000000;1420;9563653368;B
20240208;100320;164.820000000;600;9563653370;S
20240208;100320;164.820000000;200;9563653372;S
20240208;100320;164.820000000;200;9563653373;S
20240208;100320;164.840000000;10;9563653419;B
20240208;100320;164.830000000;10;9563653420;B
20240208;100320;164.840000000;210;9563653440;B
20240208;100320;164.840000000;300;9563653441;B
20240208;100320;164.840000000;90;9563653442;B
20240208;100320;164.840000000;10;9563653443;B
20240208;100321;164.840000000;10;9563653550;B
20240208;100323;164.840000000;200;9563653872;B
20240208;100323;164.840000000;10;9563654014;B
20240208;100327;164.840000000;1000;9563654824;B
20240208;100327;164.850000000;50;9563654848;B
20240208;100327;164.850000000;20;9563654849;B
20240208;100327;164.850000000;10;9563654850;B
20240208;100327;164.850000000;20;9563654851;B
20240208;100328;164.850000000;10;9563654888;B
20240208;100328;164.850000000;50;9563654924;B
20240208;100329;164.820000000;10;9563655110;S
20240208;100329;164.800000000;10;9563655111;S
20240208;100329;164.800000000;230;9563655112;S
20240208;100329;164.850000000;140;9563655157;B
20240208;100329;164.850000000;860;9563655158;B
20240208;100330;164.800000000;10;9563655208;S
20240208;100331;164.850000000;20;9563655363;B
20240208;100331;164.800000000;60;9563655408;S
20240208;100331;164.800000000;10;9563655409;S
20240208;100331;164.800000000;10;9563655410;S
20240208;100332;164.800000000;320;9563655578;B
20240208;100332;164.800000000;10;9563655579;B
20240208;100332;164.800000000;1500;9563655580;B
20240208;100332;164.850000000;200;9563655581;B
20240208;100332;164.850000000;300;9563655582;B
20240208;100332;164.860000000;10;9563655583;B
20240208;100332;164.860000000;220;9563655584;B
20240208;100332;164.870000000;500;9563655585;B
20240208;100332;164.870000000;10;9563655586;B
20240208;100332;164.870000000;220;9563655587;B
20240208;100332;164.880000000;10;9563655588;B
20240208;100332;164.880000000;100;9563655589;B
20240208;100332;164.880000000;220;9563655590;B
20240208;100332;164.880000000;70;9563655591;B
20240208;100332;164.880000000;480;9563655592;B
20240208;100332;164.880000000;2120;9563655593;B
20240208;100332;164.880000000;1710;9563655594;B
20240208;100332;164.870000000;190;9563655673;B
20240208;100332;164.870000000;10;9563655715;B
20240208;100332;164.870000000;10;9563655722;B
20240208;100333;164.810000000;10;9563655873;S
20240208;100333;164.810000000;300;9563655874;S
20240208;100333;164.800000000;490;9563655875;S
20240208;100336;164.850000000;10;9563656282;B
20240208;100336;164.850000000;30;9563656283;B
20240208;100336;164.860000000;10;9563656284;B
20240208;100336;164.870000000;10;9563656285;B
20240208;100336;164.880000000;220;9563656286;B
20240208;100336;164.880000000;320;9563656287;B
20240208;100336;164.810000000;10;9563656353;S
20240208;100336;164.810000000;10;9563656367;S
20240208;100339;164.880000000;100;9563657184;B
20240208;100340;164.820000000;10;9563657238;S
20240208;100341;164.880000000;10;9563657414;B
20240208;100341;164.820000000;10;9563657460;S
20240208;100341;164.880000000;10;9563657548;B
20240208;100342;164.820000000;10;9563657844;S
20240208;100343;164.870000000;10;9563658115;B
20240208;100343;164.880000000;100;9563658116;B
20240208;100343;164.880000000;10;9563658117;B
20240208;100343;164.890000000;10;9563658118;B
20240208;100343;164.890000000;170;9563658119;B
20240208;100344;164.830000000;10;9563658140;S
20240208;100344;164.820000000;10;9563658141;S
20240208;100344;164.890000000;300;9563658216;B
20240208;100344;164.890000000;1000;9563658241;B
20240208;100347;164.850000000;60;9563658744;B
20240208;100348;164.850000000;50;9563659231;B
20240208;100349;164.810000000;70;9563659441;S
20240208;100350;164.850000000;150;9563659732;B
20240208;100352;164.820000000;150;9563660212;S
20240208;100352;164.820000000;1310;9563660213;S
20240208;100353;164.850000000;90;9563660380;B
20240208;100353;164.850000000;910;9563660381;B
20240208;100353;164.850000000;60;9563660472;B
20240208;100354;164.840000000;10;9563660787;B
20240208;100357;164.850000000;10;9563661189;B
20240208;100358;164.850000000;10;9563661440;B
20240208;100359;164.830000000;120;9563661616;S
20240208;100359;164.850000000;510;9563661631;B
20240208;100359;164.850000000;150;9563661632;B
20240208;100359;164.840000000;10;9563661676;S
20240208;100359;164.840000000;140;9563661677;B
20240208;100400;164.830000000;10;9563661786;S
20240208;100400;164.830000000;10;9563661859;S
20240208;100400;164.860000000;50;9563661925;B
20240208;100401;164.850000000;10;9563662043;B
20240208;100401;164.860000000;100;9563662044;B
20240208;100401;164.870000000;500;9563662045;B
20240208;100401;164.870000000;150;9563662046;B
20240208;100401;164.880000000;150;9563662047;B
20240208;100401;164.880000000;50;9563662048;B
20240208;100401;164.890000000;2040;9563662049;B
20240208;100402;164.830000000;150;9563662175;S
20240208;100402;164.880000000;10;9563662208;B
20240208;100402;164.830000000;90;9563662250;S
20240208;100403;164.880000000;10;9563662626;B
20240208;100404;164.880000000;210;9563662676;B
20240208;100404;164.880000000;300;9563662677;B
20240208;100404;164.880000000;390;9563662678;B
20240208;100405;164.830000000;150;9563662859;S
20240208;100405;164.830000000;470;9563662860;S
20240208;100405;164.810000000;30;9563662861;S
20240208;100405;164.810000000;100;9563662862;S
20240208;100405;164.810000000;410;9563662863;B
20240208;100405;164.810000000;10;9563662919;B
20240208;100405;164.810000000;110;9563662988;B
20240208;100405;164.800000000;30;9563663043;S
20240208;100407;164.810000000;10;9563663314;B
20240208;100408;164.800000000;10;9563663514;S
20240208;100408;164.800000000;10;9563663515;S
20240208;100408;164.800000000;20;9563663516;S
20240208;100408;164.800000000;810;9563663517;S
20240208;100408;164.810000000;10;9563663538;B
20240208;100408;164.810000000;850;9563663641;B
20240208;100408;164.810000000;150;9563663642;B
20240208;100408;164.860000000;260;9563663643;B
20240208;100408;164.870000000;10;9563663683;B
20240208;100409;164.870000000;10;9563663770;B
20240208;100410;164.860000000;10;9563663954;B
20240208;100410;164.880000000;100;9563663958;B
20240208;100410;164.880000000;10;9563663961;B
20240208;100410;164.880000000;100;9563663962;B
20240208;100410;164.820000000;150;9563664027;S
20240208;100411;164.880000000;10;9563664240;B
20240208;100411;164.880000000;10;9563664241;B
20240208;100411;164.880000000;20;9563664264;B
20240208;100412;164.840000000;10;9563664313;S
20240208;100412;164.840000000;10;9563664325;S
20240208;100412;164.840000000;10;9563664403;S
20240208;100412;164.880000000;270;9563664423;B
20240208;100412;164.880000000;340;9563664424;B
20240208;100412;164.880000000;10;9563664462;B
20240208;100412;164.880000000;210;9563664465;B
20240208;100412;164.880000000;40;9563664466;B
20240208;100413;164.880000000;260;9563664473;B
20240208;100413;164.880000000;5000;9563664474;B
20240208;100413;164.890000000;4740;9563664475;B
20240208;100413;164.880000000;10;9563664558;B
20240208;100413;164.880000000;140;9563664566;B
20240208;100413;164.840000000;10;9563664572;S
20240208;100414;164.840000000;10;9563664627;S
20240208;100414;164.840000000;10;9563664651;S
20240208;100414;164.880000000;20;9563664695;B
20240208;100414;164.880000000;100;9563664749;B
20240208;100414;164.840000000;50;9563664770;S
20240208;100414;164.820000000;10;9563664771;S
20240208;100414;164.810000000;1440;9563664772;S
20240208;100416;164.880000000;30;9563665060;B
20240208;100416;164.880000000;20;9563665061;B
20240208;100416;164.880000000;20;9563665133;B
20240208;100417;164.880000000;20;9563665238;B
20240208;100417;164.880000000;10;9563665327;B
20240208;100417;164.880000000;150;9563665328;B
20240208;100417;164.880000000;50;9563665329;B
20240208;100418;164.880000000;300;9563665484;B
20240208;100418;164.880000000;220;9563665485;B
20240208;100419;164.890000000;290;9563665633;B
20240208;100420;164.880000000;10;9563665879;S
20240208;100421;164.890000000;260;9563666015;B
20240208;100421;164.890000000;910;9563666022;B
20240208;100421;164.890000000;10;9563666026;B
20240208;100421;164.880000000;10;9563666028;S
20240208;100422;164.880000000;2300;9563666323;S
20240208;100422;164.890000000;20;9563666372;B
20240208;100425;164.890000000;5260;9563666817;B
20240208;100425;164.890000000;150;9563666818;B
20240208;100425;164.890000000;130;9563666819;B
20240208;100425;164.900000000;10000;9563666820;B
20240208;100425;164.900000000;150;9563666821;B
20240208;100425;164.900000000;150;9563666822;B
20240208;100425;164.900000000;10;9563666823;B
20240208;100425;164.900000000;220;9563666824;B
20240208;100425;164.900000000;2000;9563666825;B
20240208;100425;164.910000000;150;9563666826;B
20240208;100425;164.910000000;150;9563666827;B
20240208;100425;164.910000000;220;9563666828;B
20240208;100425;164.910000000;150;9563666829;B
20240208;100425;164.920000000;4980;9563666830;B
20240208;100425;164.920000000;150;9563666831;B
20240208;100425;164.920000000;150;9563666832;B
20240208;100425;164.920000000;220;9563666833;B
20240208;100425;164.920000000;300;9563666834;B
20240208;100425;164.930000000;220;9563666835;B
20240208;100425;164.930000000;10;9563666836;B
20240208;100425;164.930000000;2000;9563666837;B
20240208;100425;164.930000000;2000;9563666838;B
20240208;100425;164.940000000;150;9563666839;B
20240208;100425;164.940000000;150;9563666840;B
20240208;100425;164.940000000;9100;9563666841;B
20240208;100425;164.940000000;1000;9563666842;B
20240208;100425;164.940000000;220;9563666843;B
20240208;100425;164.940000000;360;9563666844;B
20240208;100425;164.950000000;100;9563666845;B
20240208;100425;164.950000000;1000;9563666846;B
20240208;100425;164.950000000;1000;9563666847;B
20240208;100425;164.950000000;220;9563666848;B
20240208;100425;164.950000000;700;9563666849;B
20240208;100425;164.950000000;7230;9563666850;B
20240208;100425;164.890000000;300;9563666851;S
20240208;100425;164.880000000;20;9563666909;S
20240208;100425;164.890000000;40;9563666914;B
20240208;100425;164.880000000;780;9563666934;S
20240208;100425;164.890000000;150;9563666946;B
20240208;100427;164.880000000;10;9563667113;S
20240208;100427;164.890000000;200;9563667197;B
20240208;100427;164.890000000;110;9563667221;B
20240208;100427;164.890000000;300;9563667222;B
20240208;100427;164.890000000;400;9563667223;B
20240208;100427;164.890000000;800;9563667224;B
20240208;100427;164.890000000;1000;9563667225;B
20240208;100427;164.890000000;110;9563667226;B
20240208;100427;164.890000000;90;9563667227;B
20240208;100428;164.880000000;1350;9563667282;S
20240208;100428;164.880000000;150;9563667283;S
20240208;100428;164.880000000;50;9563667286;S
20240208;100428;164.880000000;210;9563667287;B
20240208;100428;164.870000000;10;9563667288;S
20240208;100428;164.870000000;290;9563667289;S
20240208;100428;164.870000000;260;9563667290;B
20240208;100428;164.860000000;300;9563667291;S
20240208;100428;164.860000000;10;9563667311;B
20240208;100429;164.860000000;300;9563667430;S
20240208;100429;164.860000000;190;9563667508;B
20240208;100429;164.860000000;100;9563667509;B
20240208;100429;164.860000000;440;9563667510;B
20240208;100430;164.920000000;1990;9563667606;B
20240208;100430;164.890000000;1000;9563667762;B
20240208;100430;164.920000000;10;9563667780;B
20240208;100430;164.890000000;50;9563667845;S
20240208;100431;164.920000000;1670;9563667852;B
20240208;100431;164.920000000;200;9563667946;B
20240208;100433;164.860000000;200;9563668527;S
20240208;100433;164.920000000;120;9563668620;B
20240208;100433;164.940000000;220;9563668621;B
20240208;100433;164.940000000;160;9563668622;B
20240208;100434;164.860000000;100;9563668812;S
20240208;100435;164.860000000;300;9563669182;S
20240208;100435;164.860000000;10;9563669183;B
20240208;100435;164.860000000;50;9563669256;B
20240208;100436;164.860000000;400;9563669374;B
20240208;100436;164.860000000;140;9563669381;B
20240208;100437;164.920000000;2000;9563669702;B
20240208;100437;164.930000000;1440;9563669703;B
20240208;100437;164.930000000;300;9563669704;B
20240208;100437;164.940000000;1840;9563669705;B
20240208;100437;164.940000000;220;9563669706;B
20240208;100437;164.950000000;220;9563669707;B
20240208;100437;164.950000000;1000;9563669708;B
20240208;100437;164.950000000;20;9563669709;B
20240208;100437;164.950000000;10;9563669710;B
20240208;100437;164.950000000;1000;9563669711;B
20240208;100437;164.950000000;170;9563669712;B
20240208;100437;164.960000000;150;9563669713;B
20240208;100437;164.960000000;150;9563669714;B
20240208;100437;164.960000000;220;9563669715;B
20240208;100437;164.960000000;320;9563669716;B
20240208;100437;164.910000000;10;9563669791;B
20240208;100437;164.920000000;10;9563669792;B
20240208;100438;164.920000000;10;9563670008;B
20240208;100438;164.860000000;70;9563670064;S
20240208;100438;164.860000000;10;9563670188;S
20240208;100439;164.900000000;1000;9563670363;S
20240208;100439;164.860000000;10;9563670372;S
20240208;100439;164.920000000;10;9563670459;B
20240208;100440;164.860000000;10;9563670507;S
20240208;100440;164.900000000;10;9563670543;B
20240208;100440;164.920000000;90;9563670544;B
20240208;100440;164.860000000;160;9563670680;S
20240208;100441;164.920000000;1360;9563670722;B
20240208;100441;164.860000000;30;9563670724;S
20240208;100441;164.920000000;10;9563670772;B
20240208;100441;164.920000000;120;9563670857;B
20240208;100443;164.920000000;10;9563671076;B
20240208;100443;164.880000000;10;9563671124;S
20240208;100446;164.920000000;100;9563671722;B
20240208;100446;164.860000000;800;9563671777;S
20240208;100446;164.860000000;20;9563671779;S
20240208;100447;164.870000000;100;9563672047;B
20240208;100447;164.870000000;10;9563672114;B
20240208;100447;164.870000000;10;9563672175;B
20240208;100448;164.860000000;10;9563672404;S
20240208;100448;164.870000000;40;9563672429;B
20240208;100449;164.860000000;270;9563672660;S
20240208;100449;164.850000000;10;9563672661;S
20240208;100449;164.850000000;30;9563672662;S
20240208;100449;164.850000000;100;9563672663;S
20240208;100449;164.820000000;100;9563672664;S
20240208;100449;164.820000000;290;9563672665;S
20240208;100450;164.820000000;60;9563672822;S
20240208;100452;164.870000000;40;9563673252;B
20240208;100452;164.880000000;110;9563673253;B
20240208;100452;164.820000000;300;9563673322;S
20240208;100452;164.810000000;20;9563673323;S
20240208;100452;164.810000000;3660;9563673324;S
20240208;100452;164.810000000;100;9563673325;S
20240208;100452;164.810000000;2920;9563673326;S
20240208;100453;164.820000000;10;9563673583;S
20240208;100453;164.880000000;10;9563673593;B
20240208;100454;164.820000000;30;9563673650;S
20240208;100454;164.880000000;10;9563673801;B
20240208;100454;164.880000000;20;9563673807;B
20240208;100455;164.820000000;10;9563673992;S
20240208;100457;164.860000000;20;9563674371;B
20240208;100457;164.860000000;20;9563674440;B
20240208;100500;164.860000000;60;9563674993;B
20240208;100500;164.820000000;40;9563675052;S
20240208;100500;164.810000000;60;9563675053;S
20240208;100500;164.860000000;100;9563675103;B
20240208;100500;164.850000000;10;9563675183;B
20240208;100503;164.820000000;100;9563675848;S
20240208;100503;164.810000000;30;9563675849;S
20240208;100503;164.850000000;10;9563675890;B
20240208;100505;164.800000000;80;9563676331;S
20240208;100506;164.850000000;10;9563676530;B
20240208;100506;164.850000000;1230;9563676604;B
20240208;100507;164.850000000;30;9563676780;B
20240208;100507;164.850000000;10;9563676879;B
20240208;100509;164.800000000;50;9563677142;S
20240208;100509;164.850000000;600;9563677221;B
20240208;100510;164.820000000;10;9563677358;S
20240208;100510;164.820000000;990;9563677396;B
20240208;100510;164.840000000;300;9563677397;B
20240208;100510;164.850000000;1190;9563677398;B
20240208;100510;164.860000000;520;9563677399;B
20240208;100510;164.800000000;30;9563677431;S
20240208;100511;164.850000000;300;9563677618;B
20240208;100512;164.820000000;40;9563677659;S
20240208;100514;164.820000000;10;9563678027;B
20240208;100514;164.820000000;10;9563678055;B
20240208;100515;164.820000000;30;9563678210;B
20240208;100515;164.800000000;10;9563678392;S
20240208;100515;164.820000000;310;9563678396;B
20240208;100515;164.820000000;500;9563678397;B
20240208;100515;164.820000000;100;9563678398;B
20240208;100515;164.820000000;90;9563678399;B
20240208;100515;164.800000000;20;9563678441;S
20240208;100515;164.800000000;80;9563678442;S
20240208;100517;164.800000000;10;9563678746;S
20240208;100517;164.800000000;2050;9563678828;S
20240208;100518;164.820000000;10;9563678885;B
20240208;100518;164.800000000;10;9563678900;S
20240208;100518;164.820000000;10;9563679010;B
20240208;100521;164.820000000;10;9563679555;B
20240208;100524;164.820000000;580;9563679960;B
20240208;100524;164.820000000;200;9563679970;S
20240208;100524;164.850000000;10;9563680114;B
20240208;100525;164.820000000;500;9563680243;S
20240208;100525;164.850000000;1820;9563680353;B
20240208;100525;164.850000000;1420;9563680354;B
20240208;100526;164.820000000;10;9563680454;S
20240208;100526;164.840000000;50;9563680520;B
20240208;100526;164.820000000;150;9563680540;S
20240208;100527;164.840000000;10;9563680551;B
20240208;100527;164.820000000;680;9563680608;S
20240208;100527;164.820000000;10;9563680609;S
20240208;100527;164.820000000;110;9563680624;B
20240208;100527;164.840000000;1770;9563680625;B
20240208;100527;164.850000000;1030;9563680626;B
20240208;100527;164.860000000;780;9563680627;B
20240208;100527;164.860000000;1310;9563680628;B
20240208;100527;164.860000000;300;9563680629;B
20240208;100527;164.870000000;1000;9563680630;B
20240208;100527;164.880000000;1050;9563680631;B
20240208;100527;164.880000000;20;9563680632;B
20240208;100527;164.880000000;1000;9563680633;B
20240208;100527;164.890000000;3010;9563680634;B
20240208;100528;164.850000000;10;9563680740;B
20240208;100528;164.850000000;10;9563680788;B
20240208;100530;164.850000000;10;9563681128;B
20240208;100530;164.820000000;20;9563681164;S
20240208;100530;164.820000000;10;9563681171;B
20240208;100531;164.820000000;100;9563681179;B
20240208;100532;164.810000000;50;9563681531;S
20240208;100532;164.810000000;300;9563681532;S
20240208;100532;164.800000000;150;9563681533;S
20240208;100533;164.810000000;300;9563681588;S
20240208;100533;164.800000000;2700;9563681589;S
20240208;100533;164.800000000;1000;9563681590;S
20240208;100533;164.800000000;300;9563681591;S
20240208;100533;164.800000000;500;9563681592;S
20240208;100533;164.800000000;20;9563681593;S
20240208;100533;164.800000000;50;9563681594;S
20240208;100533;164.800000000;80;9563681595;S
20240208;100534;164.820000000;50;9563681904;B
20240208;100535;164.820000000;120;9563682009;B
20240208;100535;164.850000000;1830;9563682010;B
20240208;100535;164.850000000;500;9563682011;B
20240208;100535;164.860000000;1950;9563682012;B
20240208;100535;164.860000000;300;9563682013;B
20240208;100535;164.860000000;500;9563682014;B
20240208;100535;164.890000000;650;9563682015;B
20240208;100535;164.890000000;2920;9563682016;B
20240208;100535;164.890000000;500;9563682017;B
20240208;100535;164.900000000;500;9563682018;B
20240208;100535;164.900000000;3720;9563682019;B
20240208;100535;164.900000000;100;9563682020;B
20240208;100535;164.900000000;500;9563682021;B
20240208;100535;164.900000000;800;9563682022;B
20240208;100535;164.910000000;500;9563682023;B
20240208;100535;164.910000000;2120;9563682024;B
20240208;100535;164.920000000;500;9563682025;B
20240208;100535;164.920000000;220;9563682026;B
20240208;100535;164.920000000;10;9563682027;B
20240208;100535;164.920000000;100;9563682028;B
20240208;100535;164.920000000;500;9563682029;B
20240208;100535;164.920000000;1000;9563682030;B
20240208;100535;164.930000000;160;9563682031;B
20240208;100535;164.830000000;10;9563682175;S
20240208;100535;164.830000000;290;9563682215;S
20240208;100535;164.830000000;710;9563682216;S
20240208;100537;164.840000000;300;9563682406;S
20240208;100537;164.830000000;10;9563682407;S
20240208;100538;164.890000000;20;9563682652;B
20240208;100538;164.890000000;270;9563682732;B
20240208;100540;164.890000000;10;9563683032;B
20240208;100540;164.840000000;50;9563683034;S
20240208;100540;164.830000000;160;9563683136;S
20240208;100540;164.890000000;20;9563683173;B
20240208;100541;164.830000000;170;9563683251;S
20240208;100541;164.890000000;10;9563683286;B
20240208;100541;164.890000000;10;9563683374;B
20240208;100542;164.830000000;150;9563683550;S
20240208;100543;164.890000000;1490;9563683586;B
20240208;100543;164.900000000;510;9563683587;B
20240208;100544;164.890000000;20;9563683813;B
20240208;100544;164.890000000;10;9563683894;B
20240208;100545;164.840000000;260;9563684095;B
20240208;100545;164.830000000;10;9563684108;S
20240208;100545;164.830000000;10;9563684109;S
20240208;100546;164.820000000;10;9563684329;S
20240208;100547;164.840000000;100;9563684383;B
20240208;100549;164.840000000;10;9563684931;B
20240208;100551;164.820000000;50;9563685194;S
20240208;100551;164.820000000;70;9563685249;S
20240208;100553;164.840000000;10;9563685523;B
20240208;100553;164.840000000;10;9563685533;B
20240208;100554;164.840000000;610;9563685734;B
20240208;100554;164.880000000;1390;9563685735;B
20240208;100554;164.830000000;70;9563685868;S
20240208;100555;164.880000000;30;9563686106;B
20240208;100556;164.880000000;10;9563686146;B
20240208;100556;164.880000000;10;9563686151;B
20240208;100557;164.850000000;3880;9563686434;S
20240208;100557;164.840000000;10;9563686435;S
20240208;100557;164.840000000;600;9563686436;S
20240208;100557;164.830000000;510;9563686437;S
20240208;100557;164.830000000;1880;9563686525;S
20240208;100557;164.830000000;120;9563686526;S
20240208;100559;164.860000000;10;9563686903;B
20240208;100602;164.870000000;30;9563687423;B
20240208;100602;164.820000000;10;9563687426;S
20240208;100603;164.820000000;9050;9563687551;S
20240208;100603;164.820000000;810;9563687582;S
20240208;100603;164.820000000;480;9563687583;S
20240208;100605;164.870000000;50;9563688035;B
20240208;100605;164.870000000;60;9563688082;B
20240208;100606;164.870000000;100;9563688224;B
20240208;100606;164.870000000;10;9563688250;B
20240208;100606;164.870000000;50;9563688482;B
20240208;100606;164.870000000;450;9563688483;B
20240208;100607;164.860000000;10;9563688540;B
20240208;100608;164.840000000;20;9563688804;S
20240208;100609;164.830000000;10;9563689229;B
20240208;100610;164.830000000;300;9563689449;B
20240208;100610;164.830000000;10;9563689513;B
20240208;100610;164.820000000;1000;9563689591;S
20240208;100612;164.820000000;30;9563690120;S
20240208;100613;164.830000000;50;9563690235;B
20240208;100616;164.820000000;3750;9563691007;S
20240208;100616;164.830000000;10;9563691074;B
20240208;100617;164.830000000;10;9563691159;B
20240208;100617;164.830000000;10;9563691289;B
20240208;100618;164.830000000;170;9563691422;B
20240208;100618;164.860000000;70;9563691423;B
20240208;100618;164.860000000;260;9563691424;B
20240208;100618;164.860000000;300;9563691478;B
20240208;100618;164.870000000;30;9563691479;B
20240208;100618;164.860000000;300;9563691501;B
20240208;100619;164.870000000;10;9563691577;B
20240208;100619;164.860000000;70;9563691584;S
20240208;100622;164.870000000;10;9563692439;B
20240208;100623;164.860000000;300;9563692775;S
20240208;100624;164.870000000;10;9563692892;B
20240208;100625;164.860000000;2000;9563693120;S
20240208;100626;164.860000000;50;9563693371;S
20240208;100627;164.870000000;50;9563693516;B
20240208;100628;164.860000000;7280;9563693729;S
20240208;100631;164.860000000;10;9563694488;B
20240208;100632;164.850000000;80;9563694690;S
20240208;100632;164.830000000;60;9563694691;S
20240208;100632;164.820000000;100;9563694692;S
20240208;100632;164.820000000;100;9563694693;S
20240208;100632;164.830000000;10;9563694820;B
20240208;100633;164.820000000;30;9563694879;S
20240208;100633;164.820000000;500;9563694880;S
20240208;100633;164.820000000;100;9563694881;S
20240208;100633;164.840000000;300;9563694974;B
20240208;100634;164.850000000;10;9563695600;B
20240208;100635;164.850000000;10;9563695725;B
20240208;100635;164.820000000;100;9563695871;S
20240208;100636;164.850000000;10;9563696033;B
20240208;100636;164.820000000;300;9563696172;S
20240208;100637;164.850000000;200;9563696276;B
20240208;100637;164.850000000;20;9563696381;B
20240208;100639;164.820000000;10;9563696850;S
20240208;100639;164.850000000;10;9563696907;B
20240208;100640;164.820000000;2430;9563696917;S
20240208;100641;164.820000000;10;9563697153;S
20240208;100642;164.840000000;10;9563697377;B
20240208;100643;164.840000000;20;9563697607;B
20240208;100643;164.830000000;10;9563697717;S
20240208;100643;164.820000000;10;9563697736;S
20240208;100643;164.820000000;120;9563697807;S
20240208;100644;164.840000000;10;9563697977;B
20240208;100644;164.840000000;10;9563698046;B
20240208;100644;164.840000000;250;9563698132;B
20240208;100644;164.850000000;40;9563698133;B
20240208;100644;164.830000000;250;9563698143;S
20240208;100644;164.820000000;150;9563698144;S
20240208;100645;164.820000000;450;9563698203;S
20240208;100646;164.840000000;300;9563698624;B
20240208;100646;164.840000000;10;9563698625;B
20240208;100650;164.820000000;330;9563699432;S
20240208;100650;164.820000000;60;9563699433;S
20240208;100650;164.820000000;50;9563699434;S
20240208;100650;164.820000000;280;9563699435;S
20240208;100650;164.820000000;40;9563699436;S
20240208;100650;164.820000000;100;9563699437;S
20240208;100650;164.810000000;50;9563699438;S
20240208;100650;164.810000000;300;9563699439;S
20240208;100650;164.800000000;3370;9563699440;S
20240208;100650;164.800000000;140;9563699441;S
20240208;100650;164.800000000;120;9563699442;S
20240208;100650;164.800000000;20;9563699443;S
20240208;100650;164.800000000;10;9563699444;S
20240208;100650;164.800000000;3850;9563699445;S
20240208;100650;164.800000000;50;9563699446;S
20240208;100650;164.800000000;600;9563699447;S
20240208;100650;164.800000000;50;9563699448;S
20240208;100651;164.800000000;10;9563699635;B
20240208;100651;164.790000000;10;9563699639;S
20240208;100653;164.790000000;240;9563699970;S
20240208;100653;164.790000000;10;9563699971;S
20240208;100653;164.780000000;350;9563699972;S
20240208;100654;164.780000000;700;9563700371;S
20240208;100656;164.800000000;400;9563700596;B
20240208;100657;164.800000000;170;9563700860;B
20240208;100657;164.810000000;10;9563700937;B
20240208;100657;164.810000000;10;9563701045;B
20240208;100659;164.800000000;10;9563701395;S
20240208;100659;164.810000000;30;9563701477;B
20240208;100659;164.820000000;100;9563701478;B
20240208;100659;164.830000000;170;9563701479;B
20240208;100701;164.800000000;10;9563701711;S
20240208;100702;164.830000000;10;9563701882;B
20240208;100702;164.830000000;500;9563701973;B
20240208;100703;164.830000000;10;9563702116;B
20240208;100704;164.830000000;10;9563702481;B
20240208;100709;164.830000000;10;9563703936;B
20240208;100709;164.830000000;10;9563704106;B
20240208;100710;164.800000000;10;9563704281;S
20240208;100711;164.800000000;200;9563704438;S
20240208;100712;164.800000000;400;9563704598;S
20240208;100712;164.800000000;10;9563704655;S
20240208;100712;164.800000000;10;9563704665;S
20240208;100714;164.830000000;1110;9563705115;B
20240208;100714;164.830000000;390;9563705116;B
20240208;100714;164.820000000;60;9563705269;B
20240208;100717;164.820000000;30;9563706255;B
20240208;100718;164.800000000;100;9563706780;S
20240208;100718;164.800000000;10;9563706823;S
20240208;100719;164.820000000;50;9563707021;B
20240208;100720;164.820000000;10;9563707218;B
20240208;100721;164.820000000;10;9563707454;B
20240208;100722;164.820000000;10;9563707859;B
20240208;100725;164.820000000;10;9563708596;B
20240208;100726;164.800000000;10;9563708810;S
20240208;100726;164.800000000;10;9563708923;S
20240208;100727;164.800000000;50;9563708957;S
20240208;100727;164.800000000;10;9563708958;S
20240208;100727;164.800000000;10;9563708959;S
20240208;100728;164.820000000;10;9563709109;B
20240208;100728;164.820000000;10;9563709198;B
20240208;100728;164.820000000;170;9563709217;B
20240208;100730;164.820000000;10;9563709696;B
20240208;100731;164.790000000;10;9563709704;S
20240208;100731;164.820000000;100;9563709709;B
20240208;100731;164.790000000;280;9563709821;S
20240208;100732;164.790000000;50;9563710038;S
20240208;100733;164.800000000;10;9563710141;S
20240208;100733;164.790000000;10;9563710142;S
20240208;100733;164.820000000;100;9563710238;B
20240208;100734;164.820000000;10;9563710387;B
20240208;100735;164.820000000;50;9563710666;B
20240208;100737;164.820000000;10;9563710915;B
20240208;100739;164.820000000;1180;9563711317;B
20240208;100739;164.820000000;500;9563711318;B
20240208;100739;164.830000000;850;9563711319;B
20240208;100739;164.790000000;10;9563711358;S
20240208;100742;164.790000000;10;9563712305;S
20240208;100742;164.800000000;80;9563712331;B
20240208;100743;164.780000000;250;9563712581;S
20240208;100743;164.790000000;100;9563712584;B
20240208;100743;164.790000000;200;9563712595;B
20240208;100747;164.780000000;100;9563713321;S
20240208;100747;164.790000000;40;9563713381;B
20240208;100749;164.790000000;20;9563713600;B
20240208;100749;164.780000000;110;9563713631;S
20240208;100751;164.780000000;10;9563714019;S
20240208;100751;164.780000000;280;9563714071;S
20240208;100752;164.790000000;30;9563714389;B
20240208;100753;164.790000000;1440;9563714463;B
20240208;100753;164.790000000;2710;9563714491;S
20240208;100754;164.790000000;40;9563714593;S
20240208;100754;164.800000000;10;9563714670;B
20240208;100754;164.790000000;10;9563714762;S
20240208;100755;164.790000000;20;9563714807;S
20240208;100755;164.800000000;13840;9563715185;B
20240208;100755;164.800000000;1830;9563715186;B
20240208;100755;164.810000000;800;9563715188;S
20240208;100755;164.810000000;1000;9563715189;S
20240208;100755;164.810000000;1000;9563715190;S
20240208;100755;164.810000000;800;9563715191;S
20240208;100755;164.810000000;400;9563715192;S
20240208;100755;164.810000000;330;9563715193;S
20240208;100755;164.810000000;670;9563715194;B
20240208;100755;164.810000000;1000;9563715195;B
20240208;100755;164.810000000;450;9563715197;S
20240208;100755;164.800000000;10;9563715202;B
20240208;100756;164.790000000;30;9563715328;S
20240208;100758;164.790000000;10;9563715652;S
20240208;100758;164.790000000;70;9563715841;S
20240208;100759;164.790000000;670;9563715932;S
20240208;100759;164.790000000;130;9563715933;S
20240208;100759;164.780000000;2200;9563715934;S
20240208;100759;164.780000000;350;9563715935;S
20240208;100759;164.770000000;1000;9563715936;S
20240208;100759;164.770000000;400;9563715937;S
20240208;100759;164.770000000;550;9563715938;S
20240208;100759;164.770000000;1000;9563715939;S
20240208;100759;164.770000000;400;9563715940;S
20240208;100759;164.770000000;1000;9563715941;S
20240208;100759;164.770000000;1000;9563715942;S
20240208;100801;164.770000000;400;9563716448;S
20240208;100802;164.780000000;10;9563716558;B
20240208;100802;164.770000000;20;9563716918;S
20240208;100803;164.770000000;1370;9563717054;S
20240208;100803;164.770000000;2860;9563717105;S
20240208;100803;164.770000000;1000;9563717106;S
20240208;100804;164.760000000;20;9563717236;B
20240208;100805;164.760000000;10;9563717461;B
20240208;100805;164.760000000;20;9563717640;B
20240208;100807;164.760000000;10;9563718065;B
20240208;100807;164.760000000;10;9563718157;B
20240208;100808;164.760000000;10;9563718295;B
20240208;100808;164.760000000;10;9563718346;B
20240208;100809;164.760000000;210;9563718483;B
20240208;100809;164.760000000;790;9563718484;B
20240208;100809;164.760000000;1040;9563718666;B
20240208;100809;164.760000000;10;9563718667;B
20240208;100809;164.760000000;300;9563718668;B
20240208;100809;164.770000000;1650;9563718669;B
20240208;100810;164.760000000;20;9563718686;B
20240208;100810;164.760000000;480;9563718844;B
20240208;100810;164.770000000;3520;9563718845;B
20240208;100811;164.770000000;10;9563718965;B
20240208;100812;164.770000000;50;9563719660;B
20240208;100812;164.770000000;10;9563719704;B
20240208;100813;164.770000000;10;9563719761;B
20240208;100813;164.750000000;500;9563719832;S
20240208;100813;164.750000000;10;9563719833;S
20240208;100813;164.750000000;140;9563719834;S
20240208;100813;164.750000000;10;9563719835;S
20240208;100813;164.740000000;540;9563719836;S
20240208;100815;164.770000000;10;9563720334;B
20240208;100817;164.770000000;10;9563720777;B
20240208;100818;164.750000000;110;9563721177;S
20240208;100818;164.770000000;4000;9563721273;B
20240208;100818;164.750000000;10;9563721276;S
20240208;100818;164.770000000;440;9563721284;B
20240208;100819;164.750000000;100;9563721383;S
20240208;100820;164.770000000;10;9563721556;B
20240208;100820;164.770000000;20;9563721564;B
20240208;100820;164.770000000;10;9563721645;B
20240208;100821;164.770000000;10;9563721799;B
20240208;100821;164.770000000;10;9563721851;B
20240208;100822;164.770000000;20;9563722018;B
20240208;100823;164.760000000;10;9563722085;S
20240208;100823;164.760000000;10;9563722086;S
20240208;100823;164.750000000;980;9563722087;S
20240208;100823;164.740000000;460;9563722088;S
20240208;100823;164.740000000;10;9563722089;S
20240208;100823;164.740000000;300;9563722090;S
20240208;100823;164.730000000;50;9563722091;S
20240208;100823;164.720000000;1280;9563722092;S
20240208;100823;164.750000000;10;9563722122;B
20240208;100823;164.730000000;50;9563722157;S
20240208;100824;164.730000000;250;9563722226;S
20240208;100825;164.720000000;200;9563722624;S
20240208;100826;164.730000000;80;9563722860;B
20240208;100826;164.730000000;110;9563722861;B
20240208;100827;164.740000000;50;9563722947;B
20240208;100827;164.750000000;60;9563722948;B
20240208;100827;164.750000000;10;9563723079;B
20240208;100831;164.720000000;10;9563723706;S
20240208;100832;164.750000000;10;9563723759;B
20240208;100833;164.720000000;10;9563723918;S
20240208;100833;164.750000000;10;9563723966;B
20240208;100833;164.720000000;100;9563723984;S
20240208;100834;164.750000000;10;9563724137;B
20240208;100835;164.750000000;10;9563724451;B
20240208;100837;164.730000000;10;9563724788;S
20240208;100837;164.720000000;10;9563724789;S
20240208;100837;164.750000000;10;9563724928;B
20240208;100838;164.720000000;10;9563725101;S
20240208;100838;164.750000000;10;9563725120;B
20240208;100838;164.750000000;10;9563725140;B
20240208;100838;164.760000000;50;9563725141;B
20240208;100838;164.770000000;40;9563725142;B
20240208;100838;164.720000000;50;9563725156;S
20240208;100839;164.720000000;10;9563725170;S
20240208;100839;164.770000000;4000;9563725277;B
20240208;100839;164.730000000;30;9563725345;S
20240208;100841;164.750000000;70;9563725583;S
20240208;100842;164.750000000;310;9563726117;S
20240208;100843;164.770000000;10;9563726315;B
20240208;100843;164.770000000;2240;9563726318;B
20240208;100843;164.770000000;80;9563726319;B
20240208;100843;164.780000000;1640;9563726320;B
20240208;100843;164.790000000;40;9563726321;B
20240208;100844;164.790000000;50;9563726568;B
20240208;100845;164.770000000;300;9563726668;S
20240208;100845;164.770000000;50;9563726669;S
20240208;100845;164.770000000;10;9563726670;S
20240208;100845;164.760000000;100;9563726671;S
20240208;100845;164.760000000;1340;9563726672;S
20240208;100846;164.800000000;10;9563726933;B
20240208;100846;164.820000000;190;9563726934;B
20240208;100846;164.770000000;10;9563727048;S
20240208;100847;164.820000000;10;9563727267;B
20240208;100848;164.770000000;10;9563727349;S
20240208;100849;164.770000000;10;9563727664;S
20240208;100851;164.770000000;20;9563727919;S
20240208;100851;164.770000000;20;9563727920;S
20240208;100851;164.760000000;300;9563727921;S
20240208;100851;164.760000000;660;9563727922;S
20240208;100851;164.810000000;10;9563727963;B
20240208;100851;164.820000000;10;9563727964;B
20240208;100852;164.820000000;1790;9563728255;B
20240208;100852;164.830000000;10;9563728256;B
20240208;100852;164.830000000;1500;9563728257;B
20240208;100852;164.830000000;700;9563728258;B
20240208;100853;164.830000000;40;9563728382;B
20240208;100853;164.770000000;900;9563728431;S
20240208;100853;164.750000000;100;9563728432;S
20240208;100853;164.750000000;100;9563728433;S
20240208;100854;164.800000000;20;9563728519;B
20240208;100854;164.800000000;20;9563728568;B
20240208;100855;164.780000000;10;9563728704;S
20240208;100855;164.750000000;290;9563728705;S
20240208;100855;164.750000000;200;9563728706;S
20240208;100855;164.750000000;200;9563728707;S
20240208;100855;164.750000000;300;9563728708;S
20240208;100855;164.750000000;1000;9563728709;S
20240208;100856;164.750000000;200;9563728733;S
20240208;100856;164.800000000;30;9563728941;B
20240208;100859;164.760000000;190;9563729366;B
20240208;100859;164.800000000;300;9563729367;B
20240208;100859;164.800000000;510;9563729368;B
20240208;100901;164.800000000;240;9563729578;B
20240208;100901;164.800000000;300;9563729579;B
20240208;100901;164.810000000;2000;9563729580;B
20240208;100901;164.810000000;1000;9563729581;B
20240208;100901;164.810000000;50;9563729582;B
20240208;100901;164.820000000;410;9563729583;B
20240208;100902;164.790000000;10;9563729744;B
20240208;100903;164.750000000;1200;9563729808;S
20240208;100903;164.790000000;10;9563729826;B
20240208;100903;164.780000000;10;9563729907;B
20240208;100904;164.760000000;50;9563729942;S
20240208;100904;164.750000000;10;9563730013;S
20240208;100904;164.750000000;220;9563730078;S
20240208;100905;164.770000000;10;9563730232;B
20240208;100908;164.770000000;10;9563730866;B
20240208;100908;164.750000000;10;9563731031;S
20240208;100909;164.770000000;30;9563731092;B
20240208;100909;164.770000000;540;9563731093;B
20240208;100909;164.790000000;1430;9563731094;B
20240208;100909;164.790000000;40;9563731208;B
20240208;100909;164.800000000;2000;9563731209;B
20240208;100909;164.800000000;50;9563731210;B
20240208;100909;164.810000000;1000;9563731211;B
20240208;100909;164.810000000;2030;9563731212;B
20240208;100911;164.770000000;20;9563731536;S
20240208;100912;164.810000000;10;9563731734;B
20240208;100913;164.810000000;10;9563731910;B
20240208;100915;164.810000000;20;9563732319;B
20240208;100916;164.770000000;30;9563732696;S
20240208;100916;164.770000000;10;9563732697;S
20240208;100916;164.760000000;10;9563732698;S
20240208;100916;164.750000000;550;9563732699;S
20240208;100917;164.770000000;10;9563732913;S
20240208;100917;164.750000000;400;9563732915;S
20240208;100917;164.750000000;190;9563732916;S
20240208;100918;164.750000000;10;9563733168;S
20240208;100918;164.760000000;10;9563733209;B
20240208;100919;164.770000000;40;9563733338;B
20240208;100920;164.770000000;30;9563733637;B
20240208;100922;164.770000000;20;9563733981;B
20240208;100922;164.750000000;30;9563734047;S
20240208;100923;164.770000000;910;9563734114;B
20240208;100923;164.800000000;1090;9563734115;B
20240208;100923;164.810000000;10;9563734118;B
20240208;100924;164.750000000;5380;9563734565;S
20240208;100926;164.760000000;10;9563734841;S
20240208;100926;164.750000000;490;9563734842;S
20240208;100927;164.770000000;200;9563734998;B
20240208;100927;164.800000000;300;9563734999;B
20240208;100927;164.800000000;800;9563735000;S
20240208;100927;164.800000000;10;9563735001;B
20240208;100927;164.750000000;1000;9563735002;S
20240208;100927;164.750000000;1000;9563735003;S
20240208;100927;164.750000000;800;9563735004;S
20240208;100927;164.750000000;800;9563735005;S
20240208;100927;164.750000000;1000;9563735006;S
20240208;100927;164.750000000;390;9563735007;S
20240208;100927;164.750000000;400;9563735010;S
20240208;100927;164.750000000;400;9563735011;S
20240208;100927;164.750000000;600;9563735012;S
20240208;100927;164.750000000;200;9563735013;S
20240208;100927;164.750000000;200;9563735014;S
20240208;100927;164.750000000;100;9563735015;S
20240208;100927;164.750000000;100;9563735016;S
20240208;100927;164.750000000;100;9563735030;S
20240208;100927;164.750000000;400;9563735031;S
20240208;100927;164.800000000;20;9563735057;B
20240208;100928;164.800000000;20;9563735228;B
20240208;100928;164.800000000;120;9563735321;B
20240208;100928;164.760000000;10;9563735359;S
20240208;100928;164.750000000;300;9563735360;S
20240208;100930;164.800000000;120;9563735539;B
20240208;100931;164.800000000;20;9563735926;B
20240208;100931;164.810000000;280;9563735927;B
20240208;100931;164.800000000;160;9563735934;B
20240208;100932;164.800000000;10;9563735945;B
20240208;100932;164.750000000;10;9563736098;S
20240208;100933;164.800000000;10;9563736174;B
20240208;100934;164.800000000;120;9563736418;B
20240208;100934;164.810000000;160;9563736419;B
20240208;100934;164.810000000;720;9563736420;B
20240208;100935;164.810000000;10;9563736694;B
20240208;100935;164.810000000;500;9563736711;B
20240208;100935;164.800000000;610;9563736734;S
20240208;100935;164.760000000;10;9563736735;S
20240208;100935;164.750000000;400;9563736736;S
20240208;100935;164.750000000;400;9563736737;S
20240208;100935;164.750000000;600;9563736738;S
20240208;100936;164.750000000;790;9563736876;S
20240208;100936;164.750000000;190;9563736877;S
20240208;100936;164.750000000;1000;9563736878;S
20240208;100936;164.750000000;1000;9563736879;S
20240208;100936;164.750000000;10;9563736999;S
20240208;100937;164.800000000;10;9563737072;B
20240208;100938;164.800000000;10;9563737422;B
20240208;100939;164.810000000;770;9563737558;B
20240208;100939;164.810000000;300;9563737559;B
20240208;100939;164.810000000;930;9563737560;B
20240208;100939;164.810000000;30;9563737583;B
20240208;100940;164.750000000;10;9563737713;S
20240208;100940;164.750000000;10;9563737766;S
20240208;100941;164.800000000;10;9563737957;B
20240208;100941;164.750000000;50;9563737968;S
20240208;100943;164.790000000;100;9563738315;B
20240208;100944;164.790000000;10;9563738486;B
20240208;100944;164.790000000;10;9563738524;B
20240208;100945;164.790000000;20;9563738804;B
20240208;100947;164.790000000;860;9563739093;B
20240208;100947;164.790000000;800;9563739094;B
20240208;100947;164.790000000;300;9563739095;B
20240208;100947;164.800000000;990;9563739096;B
20240208;100947;164.810000000;1050;9563739097;B
20240208;100948;164.770000000;40;9563739305;S
20240208;100948;164.770000000;10;9563739306;S
20240208;100948;164.760000000;50;9563739307;S
20240208;100948;164.750000000;160;9563739308;S
20240208;100950;164.800000000;10;9563739822;B
20240208;100952;164.790000000;10;9563740071;S
20240208;100954;164.780000000;120;9563740656;S
20240208;100955;164.780000000;80;9563740718;S
20240208;100956;164.800000000;10;9563740849;B
20240208;100956;164.770000000;20;9563740950;S
20240208;100957;164.800000000;10;9563741139;B
20240208;100958;164.800000000;10;9563741369;B
20240208;100958;164.800000000;40;9563741375;B
20240208;101000;164.790000000;50;9563741785;B
20240208;101000;164.800000000;10;9563741874;S
20240208;101003;164.790000000;100;9563742520;B
20240208;101003;164.790000000;120;9563742562;B
20240208;101004;164.790000000;10;9563742729;B
20240208;101004;164.780000000;20;9563742757;S
20240208;101005;164.790000000;30;9563742847;B
20240208;101005;164.790000000;10;9563743033;B
20240208;101006;164.760000000;20;9563743123;S
20240208;101006;164.790000000;10;9563743176;B
20240208;101006;164.790000000;600;9563743206;B
20240208;101006;164.760000000;10;9563743259;S
20240208;101007;164.790000000;10;9563743529;B
20240208;101008;164.790000000;10;9563743798;B
20240208;101009;164.790000000;60;9563743962;B
20240208;101010;164.770000000;10;9563744189;B
20240208;101011;164.760000000;10;9563744366;B
20240208;101011;164.760000000;50;9563744493;B
20240208;101012;164.760000000;10;9563744649;B
20240208;101012;164.760000000;130;9563744670;B
20240208;101015;164.760000000;300;9563745275;B
20240208;101016;164.760000000;10;9563745419;B
20240208;101019;164.760000000;20;9563745890;B
20240208;101019;164.760000000;20;9563745924;B
20240208;101019;164.760000000;50;9563745992;B
20240208;101020;164.750000000;10;9563746169;S
20240208;101020;164.760000000;10;9563746235;B
20240208;101022;164.760000000;10;9563746472;B
20240208;101022;164.760000000;90;9563746524;B
20240208;101022;164.750000000;10;9563746531;S
20240208;101022;164.760000000;10;9563746580;B
20240208;101024;164.760000000;10;9563746997;B
20240208;101024;164.750000000;10;9563747076;S
20240208;101024;164.760000000;10;9563747086;B
20240208;101025;164.760000000;60;9563747144;B
20240208;101025;164.780000000;70;9563747145;B
20240208;101026;164.780000000;100;9563747312;B
20240208;101027;164.780000000;630;9563747620;B
20240208;101027;164.790000000;10;9563747621;B
20240208;101027;164.790000000;10;9563747635;B
20240208;101027;164.790000000;300;9563747637;B
20240208;101028;164.790000000;100;9563747961;B
20240208;101029;164.790000000;10;9563748046;B
20240208;101029;164.780000000;20;9563748090;S
20240208;101031;164.780000000;10;9563748603;S
20240208;101031;164.780000000;10;9563748671;S
20240208;101032;164.790000000;10;9563748694;B
20240208;101032;164.780000000;20;9563748749;S
20240208;101032;164.780000000;10;9563748774;S
20240208;101032;164.790000000;10;9563748803;B
20240208;101032;164.790000000;200;9563748820;B
20240208;101034;164.780000000;10;9563749119;S
20240208;101034;164.790000000;10;9563749120;B
20240208;101034;164.790000000;10;9563749142;B
20240208;101034;164.790000000;220;9563749144;B
20240208;101035;164.790000000;30;9563749308;B
20240208;101035;164.790000000;30;9563749357;B
20240208;101035;164.790000000;10;9563749366;B
20240208;101037;164.790000000;10;9563749733;B
20240208;101038;164.780000000;10;9563749955;S
20240208;101038;164.760000000;250;9563749956;S
20240208;101038;164.760000000;750;9563750035;S
20240208;101038;164.760000000;300;9563750036;S
20240208;101038;164.750000000;100;9563750037;S
20240208;101043;164.780000000;350;9563750821;B
20240208;101043;164.780000000;10;9563750999;B
20240208;101044;164.760000000;20;9563751169;S
20240208;101044;164.780000000;10;9563751202;B
20240208;101044;164.780000000;400;9563751218;B
20240208;101046;164.780000000;30;9563751507;B
20240208;101046;164.780000000;440;9563751508;B
20240208;101046;164.780000000;1930;9563751509;B
20240208;101047;164.770000000;650;9563751662;B
20240208;101048;164.770000000;30;9563751859;B
20240208;101051;164.760000000;60;9563752324;S
20240208;101051;164.770000000;10;9563752440;B
20240208;101053;164.760000000;60;9563752712;S
20240208;101054;164.770000000;10;9563752836;B
20240208;101054;164.760000000;10;9563753038;S
20240208;101055;164.760000000;40;9563753122;S
20240208;101058;164.760000000;1660;9563753603;S
20240208;101058;164.760000000;1000;9563753604;S
20240208;101058;164.750000000;1190;9563753605;S
20240208;101058;164.750000000;10;9563753606;S
20240208;101058;164.750000000;20;9563753607;S
20240208;101058;164.750000000;500;9563753608;S
20240208;101058;164.750000000;10;9563753609;S
20240208;101058;164.750000000;10;9563753610;S
20240208;101058;164.750000000;20;9563753611;S
20240208;101058;164.750000000;1630;9563753612;S
20240208;101058;164.770000000;10;9563753648;B
20240208;101058;164.770000000;10;9563753671;B
20240208;101100;164.760000000;10;9563754217;S
20240208;101101;164.760000000;10;9563754452;B
20240208;101102;164.760000000;20;9563754740;B
20240208;101103;164.750000000;100;9563754974;S
20240208;101103;164.750000000;270;9563755018;S
20240208;101103;164.750000000;110;9563755019;S
20240208;101103;164.750000000;10;9563755020;S
20240208;101103;164.750000000;30;9563755021;S
20240208;101103;164.750000000;100;9563755022;S
20240208;101103;164.750000000;250;9563755023;S
20240208;101103;164.750000000;120;9563755024;S
20240208;101103;164.750000000;1000;9563755025;S
20240208;101103;164.750000000;10;9563755026;S
20240208;101103;164.740000000;1000;9563755027;S
20240208;101103;164.740000000;2090;9563755028;S
20240208;101104;164.750000000;60;9563755306;B
20240208;101104;164.740000000;10;9563755360;S
20240208;101104;164.750000000;10;9563755383;B
20240208;101105;164.740000000;10;9563755472;S
20240208;101105;164.740000000;10;9563755548;S
20240208;101108;164.750000000;10;9563756123;B
20240208;101108;164.740000000;200;9563756185;S
20240208;101108;164.740000000;700;9563756186;S
20240208;101108;164.730000000;30;9563756194;S
20240208;101108;164.730000000;310;9563756195;S
20240208;101108;164.720000000;1000;9563756200;S
20240208;101108;164.720000000;1000;9563756204;S
20240208;101108;164.720000000;400;9563756207;S
20240208;101108;164.720000000;400;9563756208;S
20240208;101108;164.720000000;200;9563756209;S
20240208;101108;164.720000000;200;9563756210;S
20240208;101108;164.720000000;600;9563756211;S
20240208;101108;164.720000000;1000;9563756212;S
20240208;101109;164.720000000;60;9563756258;S
20240208;101109;164.720000000;100;9563756259;S
20240208;101109;164.720000000;100;9563756260;S
20240208;101110;164.730000000;100;9563756549;B
20240208;101112;164.720000000;3260;9563756978;S
20240208;101112;164.720000000;10;9563756979;S
20240208;101112;164.710000000;100;9563756980;S
20240208;101112;164.710000000;100;9563756981;S
20240208;101112;164.710000000;50;9563756982;S
20240208;101112;164.700000000;10;9563756983;S
20240208;101112;164.700000000;500;9563756984;S
20240208;101112;164.700000000;440;9563756985;S
20240208;101112;164.700000000;360;9563756986;S
20240208;101112;164.700000000;70;9563756987;S
20240208;101112;164.700000000;100;9563756988;S
20240208;101112;164.700000000;100;9563756990;S
20240208;101112;164.700000000;160;9563757006;S
20240208;101112;164.700000000;20;9563757007;S
20240208;101112;164.700000000;1500;9563757008;S
20240208;101112;164.700000000;100;9563757009;S
20240208;101112;164.700000000;500;9563757010;S
20240208;101112;164.700000000;60;9563757011;S
20240208;101112;164.710000000;800;9563757029;B
20240208;101112;164.710000000;900;9563757030;B
20240208;101112;164.710000000;10;9563757076;B
20240208;101112;164.710000000;90;9563757227;B
20240208;101112;164.710000000;100;9563757228;B
