<DATE>;<TIME>;<LAST>;<VOL>;<ID>;<OPER>
20240213;095944;162.600000000;10;9591011570;S
20240213;095944;162.600000000;10;9591011571;S
20240213;095944;162.600000000;30;9591011572;S
20240213;095944;162.600000000;450;9591011573;S
20240213;095944;162.600000000;10;9591011574;S
20240213;095944;162.600000000;40;9591011575;S
20240213;095944;162.600000000;10;9591011576;S
20240213;095944;162.600000000;10;9591011577;S
20240213;095944;162.600000000;10;9591011578;S
20240213;095944;162.600000000;10;9591011579;S
20240213;095944;162.600000000;30;9591011580;S
20240213;095944;162.600000000;10;9591011581;S
20240213;095944;162.600000000;10;9591011582;S
20240213;095944;162.600000000;40;9591011583;S
20240213;095944;162.600000000;330;9591011584;S
20240213;095944;162.600000000;10;9591011585;S
20240213;095944;162.600000000;500;9591011586;S
20240213;095944;162.600000000;10;9591011587;S
20240213;095944;162.600000000;90;9591011588;S
20240213;095944;162.600000000;60;9591011589;S
20240213;095944;162.600000000;10;9591011590;S
20240213;095944;162.600000000;10;9591011591;S
20240213;095944;162.600000000;20;9591011592;S
20240213;095944;162.600000000;10;9591011593;S
20240213;095944;162.600000000;10;9591011594;S
20240213;095944;162.600000000;10;9591011595;S
20240213;095944;162.600000000;10;9591011596;S
20240213;095944;162.600000000;140;9591011597;S
20240213;095944;162.600000000;80;9591011598;S
20240213;095944;162.600000000;20;9591011599;S
20240213;095944;162.600000000;10;9591011600;S
20240213;095944;162.600000000;30;9591011601;S
20240213;095944;162.600000000;30;9591011602;S
20240213;095944;162.600000000;10;9591011603;S
20240213;095944;162.600000000;90;9591011604;S
20240213;095944;162.600000000;10;9591011605;S
20240213;095944;162.600000000;10;9591011606;S
20240213;095944;162.600000000;10;9591011607;S
20240213;095944;162.600000000;140;9591011608;S
20240213;095944;162.600000000;10;9591011609;S
20240213;095944;162.600000000;10;9591011610;S
20240213;095944;162.600000000;150;9591011611;S
20240213;095944;162.600000000;10;9591011612;S
20240213;095944;162.600000000;10;9591011613;S
20240213;095944;162.600000000;10;9591011614;S
20240213;095944;162.600000000;100;9591011615;S
20240213;095944;162.600000000;40;9591011616;S
20240213;095944;162.600000000;100;9591011617;B
20240213;095944;162.600000000;10;9591011618;B
20240213;095944;162.600000000;10;9591011619;B
20240213;095944;162.600000000;1780;9591011620;B
20240213;095944;162.600000000;100;9591011621;B
20240213;095944;162.600000000;120;9591011622;B
20240213;095944;162.600000000;10;9591011623;B
20240213;095944;162.600000000;10;9591011624;B
20240213;095944;162.600000000;30;9591011625;S
20240213;095944;162.600000000;10;9591011626;S
20240213;095944;162.600000000;10;9591011627;S
20240213;095944;162.600000000;10;9591011628;B
20240213;095944;162.600000000;20;9591011629;B
20240213;095944;162.600000000;10;9591011630;S
20240213;095944;162.600000000;260;9591011631;B
20240213;095944;162.600000000;10;9591011632;B
20240213;095944;162.600000000;20;9591011633;B
20240213;095944;162.600000000;5000;9591011634;B
20240213;095944;162.600000000;30;9591011635;B
20240213;095944;162.600000000;10;9591011636;B
20240213;095944;162.600000000;10;9591011637;B
20240213;095944;162.600000000;350;9591011638;B
20240213;095944;162.600000000;10;9591011639;B
20240213;095944;162.600000000;10;9591011640;B
20240213;095944;162.600000000;3170;9591011641;B
20240213;095944;162.600000000;10;9591011642;S
20240213;095944;162.600000000;10;9591011643;B
20240213;095944;162.600000000;900;9591011644;B
20240213;095944;162.600000000;910;9591011645;B
20240213;095944;162.600000000;10;9591011646;S
20240213;095944;162.600000000;80;9591011647;S
20240213;095944;162.600000000;10;9591011648;S
20240213;095944;162.600000000;10;9591011649;S
20240213;095944;162.600000000;40;9591011650;S
20240213;095944;162.600000000;10;9591011651;S
20240213;095944;162.600000000;50;9591011652;S
20240213;095944;162.600000000;80;9591011653;B
20240213;095944;162.600000000;30;9591011654;B
20240213;095944;162.600000000;10000;9591011655;B
20240213;095944;162.600000000;30;9591011656;S
20240213;095944;162.600000000;100;9591011657;S
20240213;095944;162.600000000;250;9591011658;S
20240213;095944;162.600000000;50;9591011659;S
20240213;095944;162.600000000;10;9591011660;S
20240213;095944;162.600000000;50;9591011661;S
20240213;095944;162.600000000;10;9591011662;B
20240213;095944;162.600000000;10;9591011663;B
20240213;095944;162.600000000;10;9591011664;B
20240213;095944;162.600000000;10;9591011665;B
20240213;095944;162.600000000;10;9591011666;S
20240213;095944;162.600000000;10;9591011667;S
20240213;095944;162.600000000;10;9591011668;S
20240213;095944;162.600000000;10;9591011669;S
20240213;095944;162.600000000;10;9591011670;S
20240213;095944;162.600000000;30;9591011671;S
20240213;095944;162.600000000;10;9591011672;S
20240213;095944;162.600000000;10;9591011673;S
20240213;095944;162.600000000;80;9591011674;S
20240213;095944;162.600000000;70;9591011675;S
20240213;095944;162.600000000;370;9591011676;B
20240213;095944;162.600000000;10;9591011677;B
20240213;095944;162.600000000;10;9591011678;B
20240213;095944;162.600000000;30;9591011679;B
20240213;095944;162.600000000;30;9591011680;B
20240213;095944;162.600000000;30;9591011681;B
20240213;095944;162.600000000;5000;9591011682;S
20240213;095944;162.600000000;40;9591011683;S
20240213;095944;162.600000000;30;9591011684;S
20240213;095944;162.600000000;30;9591011685;S
20240213;095944;162.600000000;5210;9591011686;S
20240213;095944;162.600000000;10;9591011687;S
20240213;095944;162.600000000;50;9591011688;S
20240213;100000;162.620000000;150;9591014805;B
20240213;100001;162.710000000;300;9591015620;S
20240213;100001;162.710000000;300;9591015634;S
20240213;100001;162.740000000;50;9591015643;B
20240213;100001;162.740000000;170;9591015720;S
20240213;100001;162.740000000;130;9591015721;S
20240213;100001;162.750000000;1860;9591015752;B
20240213;100001;162.750000000;140;9591015774;B
20240213;100001;162.750000000;100;9591015779;S
20240213;100001;162.730000000;200;9591015781;S
20240213;100001;162.720000000;100;9591015782;S
20240213;100001;162.760000000;100;9591015790;B
20240213;100001;162.760000000;970;9591015791;B
20240213;100001;162.760000000;40;9591015792;B
20240213;100001;162.760000000;220;9591015793;B
20240213;100001;162.770000000;10;9591015853;B
20240213;100001;162.780000000;460;9591015854;B
20240213;100001;162.750000000;20;9591015855;S
20240213;100001;162.780000000;4540;9591015929;B
20240213;100001;162.790000000;10;9591015956;B
20240213;100001;162.800000000;150;9591015957;B
20240213;100001;162.810000000;220;9591015958;B
20240213;100001;162.810000000;310;9591015959;B
20240213;100001;162.840000000;220;9591015998;B
20240213;100001;162.850000000;540;9591015999;B
20240213;100001;162.850000000;30;9591016000;B
20240213;100001;162.850000000;190;9591016022;B
20240213;100001;162.850000000;190;9591016025;B
20240213;100001;162.860000000;220;9591016049;B
20240213;100001;162.860000000;220;9591016051;B
20240213;100001;162.880000000;2000;9591016204;B
20240213;100001;162.870000000;1500;9591016214;S
20240213;100001;162.870000000;10;9591016250;S
20240213;100001;162.830000000;700;9591016277;S
20240213;100001;162.880000000;500;9591016367;B
20240213;100002;162.850000000;300;9591016539;S
20240213;100002;162.850000000;100;9591016549;S
20240213;100002;162.850000000;100;9591016573;S
20240213;100002;162.860000000;10;9591016576;S
20240213;100002;162.870000000;100;9591016622;S
20240213;100002;162.870000000;100;9591016624;S
20240213;100002;162.880000000;240;9591016625;B
20240213;100002;162.870000000;400;9591016626;S
20240213;100002;162.870000000;500;9591016630;S
20240213;100002;162.870000000;100;9591016631;S
20240213;100002;162.870000000;300;9591016633;S
20240213;100002;162.880000000;260;9591016985;B
20240213;100002;162.880000000;50;9591016986;B
20240213;100002;162.880000000;30;9591016987;B
20240213;100002;162.870000000;20;9591017093;S
20240213;100003;162.870000000;30;9591017252;S
20240213;100003;162.880000000;10;9591017354;B
20240213;100003;162.880000000;220;9591017355;B
20240213;100003;162.890000000;360;9591017356;B
20240213;100003;162.870000000;1180;9591017438;S
20240213;100004;162.870000000;10;9591017869;S
20240213;100004;162.880000000;10;9591017870;B
20240213;100004;162.870000000;20;9591017873;S
20240213;100004;162.870000000;110;9591018019;S
20240213;100004;162.880000000;10;9591018024;B
20240213;100004;162.880000000;10;9591018025;B
20240213;100004;162.880000000;10;9591018027;B
20240213;100004;162.880000000;10;9591018041;B
20240213;100005;162.880000000;10;9591018133;B
20240213;100005;162.870000000;10;9591018134;S
20240213;100005;162.880000000;10;9591018140;B
20240213;100005;162.870000000;10;9591018144;S
20240213;100005;162.870000000;10;9591018185;S
20240213;100005;162.880000000;10;9591018187;B
20240213;100005;162.870000000;10;9591018189;S
20240213;100005;162.880000000;110;9591018191;B
20240213;100005;162.870000000;20;9591018498;S
20240213;100005;162.870000000;10;9591018499;S
20240213;100005;162.870000000;10;9591018501;S
20240213;100005;162.880000000;10;9591018621;B
20240213;100005;162.870000000;10;9591018625;S
20240213;100005;162.870000000;150;9591018626;S
20240213;100005;162.880000000;10;9591018628;B
20240213;100005;162.870000000;10;9591018630;S
20240213;100005;162.880000000;10;9591018864;B
20240213;100005;162.880000000;20;9591018865;B
20240213;100005;162.870000000;100;9591018866;S
20240213;100005;162.870000000;10;9591018869;S
20240213;100005;162.870000000;10;9591018870;S
20240213;100005;162.880000000;10;9591018874;B
20240213;100005;162.870000000;3120;9591018875;S
20240213;100005;162.860000000;320;9591018876;S
20240213;100005;162.850000000;300;9591018877;S
20240213;100005;162.780000000;1850;9591018878;S
20240213;100005;162.770000000;2910;9591018879;S
20240213;100005;162.770000000;300;9591018940;S
20240213;100005;162.760000000;700;9591018941;S
20240213;100005;162.750000000;180;9591018942;S
20240213;100005;162.880000000;210;9591019008;B
20240213;100005;162.880000000;300;9591019009;B
20240213;100005;162.880000000;100;9591019035;S
20240213;100005;162.880000000;10;9591019085;S
20240213;100005;162.890000000;80;9591019119;B
20240213;100005;162.890000000;20;9591019252;B
20240213;100005;162.890000000;10;9591019254;B
20240213;100005;162.880000000;10;9591019255;S
20240213;100005;162.890000000;10;9591019256;B
20240213;100005;162.890000000;10;9591019257;B
20240213;100005;162.890000000;10;9591019258;B
20240213;100006;162.880000000;20;9591019390;S
20240213;100006;162.880000000;10;9591019392;S
20240213;100006;162.890000000;10;9591019395;B
20240213;100006;162.880000000;450;9591019401;S
20240213;100006;162.880000000;10;9591019522;S
20240213;100006;162.880000000;10;9591019526;S
20240213;100006;162.880000000;10;9591019527;S
20240213;100006;162.880000000;20;9591019529;S
20240213;100006;162.880000000;10;9591019535;S
20240213;100006;162.880000000;10;9591019537;S
20240213;100006;162.890000000;10;9591019546;B
20240213;100006;162.880000000;10;9591019548;S
20240213;100006;162.890000000;130;9591019550;B
20240213;100006;162.890000000;10;9591019665;B
20240213;100006;162.890000000;10;9591019667;B
20240213;100006;162.890000000;20;9591019669;B
20240213;100006;162.880000000;10;9591019675;S
20240213;100006;162.890000000;10;9591019678;B
20240213;100006;162.890000000;20;9591019682;B
20240213;100006;162.880000000;200;9591019683;S
20240213;100006;162.890000000;10;9591019685;B
20240213;100006;162.890000000;20;9591019687;B
20240213;100006;162.880000000;100;9591019776;S
20240213;100006;162.890000000;10;9591019783;B
20240213;100006;162.880000000;20;9591019956;S
20240213;100006;162.890000000;10;9591019958;B
20240213;100006;162.890000000;10;9591019959;B
20240213;100006;162.890000000;10;9591020073;B
20240213;100006;162.890000000;10;9591020075;B
20240213;100006;162.880000000;10;9591020077;S
20240213;100006;162.880000000;20;9591020079;S
20240213;100006;162.890000000;10;9591020081;B
20240213;100006;162.880000000;20;9591020083;S
20240213;100006;162.880000000;50;9591020099;S
20240213;100006;162.890000000;1140;9591020305;B
20240213;100006;162.860000000;10;9591020375;S
20240213;100006;162.890000000;10;9591020377;B
20240213;100006;162.860000000;10;9591020379;S
20240213;100006;162.890000000;10;9591020431;B
20240213;100006;162.890000000;10;9591020432;B
20240213;100006;162.890000000;10;9591020436;B
20240213;100006;162.860000000;20;9591020437;S
20240213;100006;162.860000000;1180;9591020626;S
20240213;100006;162.800000000;60;9591020640;S
20240213;100006;162.800000000;140;9591020641;S
20240213;100006;162.880000000;10;9591020642;B
20240213;100007;162.880000000;10;9591020749;B
20240213;100007;162.880000000;10;9591020751;B
20240213;100007;162.750000000;10;9591021075;S
20240213;100007;162.880000000;10;9591021076;B
20240213;100007;162.880000000;10;9591021077;B
20240213;100007;162.880000000;10;9591021078;B
20240213;100007;162.880000000;10;9591021079;B
20240213;100007;162.880000000;10;9591021080;B
20240213;100007;162.750000000;10;9591021081;S
20240213;100007;162.880000000;140;9591021257;B
20240213;100007;162.880000000;300;9591021258;B
20240213;100007;162.890000000;1000;9591021259;B
20240213;100007;162.890000000;10;9591021260;B
20240213;100007;162.890000000;220;9591021261;B
20240213;100007;162.890000000;50;9591021262;B
20240213;100007;162.900000000;20;9591021263;B
20240213;100007;162.900000000;150;9591021264;B
20240213;100007;162.900000000;110;9591021265;B
20240213;100007;162.910000000;10;9591021441;B
20240213;100007;162.800000000;30;9591021518;S
20240213;100008;162.880000000;220;9591021813;B
20240213;100008;162.890000000;50;9591021814;B
20240213;100008;162.890000000;220;9591021815;B
20240213;100008;162.900000000;10;9591021816;B
20240213;100008;162.900000000;20;9591021817;B
20240213;100008;162.900000000;10;9591021818;B
20240213;100008;162.800000000;10;9591021819;S
20240213;100008;162.900000000;300;9591021979;S
20240213;100008;162.900000000;100;9591021980;S
20240213;100008;162.900000000;100;9591021981;S
20240213;100008;162.910000000;120;9591021982;B
20240213;100008;162.910000000;90;9591021983;B
20240213;100008;162.910000000;30;9591021984;S
20240213;100008;162.900000000;270;9591021985;S
20240213;100008;162.910000000;10;9591022112;B
20240213;100008;162.910000000;100;9591022114;B
20240213;100008;162.910000000;10;9591022115;B
20240213;100008;162.910000000;20;9591022116;B
20240213;100008;162.910000000;10;9591022117;B
20240213;100008;162.910000000;70;9591022208;B
20240213;100008;162.920000000;10;9591022209;B
20240213;100008;162.920000000;220;9591022210;B
20240213;100008;162.930000000;220;9591022211;B
20240213;100008;162.930000000;220;9591022231;B
20240213;100008;162.930000000;220;9591022323;B
20240213;100008;162.930000000;220;9591022331;B
20240213;100008;162.940000000;150;9591022332;B
20240213;100008;162.940000000;570;9591022333;B
20240213;100008;162.930000000;220;9591022356;B
20240213;100008;162.940000000;330;9591022357;B
20240213;100008;162.940000000;220;9591022358;B
20240213;100008;162.940000000;170;9591022365;B
20240213;100009;162.940000000;50;9591022410;B
20240213;100009;162.950000000;10;9591022411;B
20240213;100009;162.950000000;10;9591022412;B
20240213;100009;162.950000000;150;9591022440;B
20240213;100009;162.950000000;60;9591022527;B
20240213;100009;162.950000000;60;9591022535;B
20240213;100009;162.950000000;60;9591022537;B
20240213;100009;162.950000000;100;9591022543;B
20240213;100009;162.950000000;100;9591022546;B
20240213;100009;162.950000000;120;9591022547;B
20240213;100009;162.950000000;220;9591022548;B
20240213;100009;162.960000000;510;9591022549;B
20240213;100009;162.950000000;220;9591022550;S
20240213;100009;162.960000000;490;9591022552;B
20240213;100009;162.960000000;100;9591022553;B
20240213;100009;162.960000000;220;9591022554;B
20240213;100009;162.910000000;1180;9591022573;S
20240213;100009;162.930000000;100;9591022609;S
20240213;100009;162.940000000;100;9591022610;S
20240213;100009;162.940000000;100;9591022611;S
20240213;100009;162.920000000;40;9591022787;S
20240213;100009;162.920000000;210;9591022867;S
20240213;100009;162.920000000;1070;9591023015;S
20240213;100009;162.910000000;110;9591023016;S
20240213;100010;162.900000000;3230;9591023249;S
20240213;100010;162.870000000;2140;9591023250;S
20240213;100010;162.870000000;300;9591023251;S
20240213;100010;162.840000000;1850;9591023252;S
20240213;100010;162.830000000;5980;9591023253;S
20240213;100010;162.770000000;50;9591023278;S
20240213;100010;162.800000000;10;9591023298;S
20240213;100010;162.820000000;60;9591023305;S
20240213;100010;162.940000000;10;9591023374;B
20240213;100010;162.940000000;10;9591023432;B
20240213;100010;162.800000000;300;9591023515;S
20240213;100010;162.800000000;2140;9591023516;S
20240213;100010;162.770000000;1850;9591023517;S
20240213;100010;162.760000000;5710;9591023518;S
20240213;100010;162.860000000;10;9591023577;B
20240213;100010;162.790000000;40;9591023624;S
20240213;100010;162.860000000;20;9591023645;B
20240213;100010;162.860000000;80;9591023654;B
20240213;100011;162.860000000;40;9591023697;B
20240213;100011;162.860000000;260;9591023708;B
20240213;100011;162.870000000;60;9591023709;B
20240213;100011;162.770000000;100;9591023722;S
20240213;100011;162.860000000;10;9591023724;B
20240213;100011;162.870000000;10;9591023728;B
20240213;100011;162.870000000;10;9591023746;B
20240213;100011;162.870000000;30;9591023907;B
20240213;100011;162.860000000;10;9591023913;B
20240213;100011;162.860000000;40;9591023988;B
20240213;100011;162.860000000;10;9591024054;B
20240213;100012;162.740000000;220;9591024344;S
20240213;100012;162.740000000;300;9591024345;S
20240213;100012;162.740000000;660;9591024346;S
20240213;100013;162.860000000;300;9591024584;B
20240213;100013;162.870000000;390;9591024585;B
20240213;100013;162.890000000;110;9591024586;B
20240213;100013;162.880000000;120;9591024611;B
20240213;100013;162.880000000;180;9591024615;B
20240213;100013;162.890000000;540;9591024616;B
20240213;100014;162.920000000;120;9591024680;B
20240213;100014;162.900000000;10;9591024771;S
20240213;100014;162.950000000;40;9591024867;B
20240213;100014;162.900000000;190;9591024870;S
20240213;100015;162.790000000;300;9591024917;S
20240213;100015;162.790000000;200;9591024918;S
20240213;100015;162.880000000;6530;9591024946;S
20240213;100016;162.870000000;10;9591025154;B
20240213;100016;162.870000000;290;9591025216;B
20240213;100017;162.870000000;1180;9591025358;S
20240213;100017;162.880000000;1290;9591025402;B
20240213;100018;162.870000000;10;9591025581;B
20240213;100019;162.870000000;10;9591025709;B
20240213;100019;162.770000000;300;9591025800;S
20240213;100019;162.770000000;200;9591025801;S
20240213;100020;162.770000000;10;9591025904;S
20240213;100020;162.770000000;10;9591026072;S
20240213;100021;162.870000000;280;9591026170;B
20240213;100021;162.870000000;40;9591026268;S
20240213;100022;162.870000000;300;9591026550;B
20240213;100022;162.870000000;670;9591026551;B
20240213;100022;162.860000000;10;9591026660;B
20240213;100022;162.770000000;10;9591026679;S
20240213;100023;162.770000000;40;9591026868;S
20240213;100023;162.770000000;300;9591026869;S
20240213;100023;162.740000000;20;9591026870;S
20240213;100023;162.740000000;50;9591026871;S
20240213;100023;162.740000000;220;9591026872;S
20240213;100023;162.730000000;220;9591026873;S
20240213;100023;162.720000000;220;9591026874;S
20240213;100023;162.720000000;2390;9591026875;S
20240213;100023;162.720000000;2140;9591026876;S
20240213;100023;162.710000000;220;9591026877;S
20240213;100023;162.700000000;220;9591026878;S
20240213;100023;162.700000000;120;9591026879;S
20240213;100023;162.690000000;220;9591026880;S
20240213;100023;162.680000000;220;9591026881;S
20240213;100023;162.680000000;110;9591026882;S
20240213;100023;162.670000000;220;9591026883;S
20240213;100023;162.670000000;4000;9591026884;S
20240213;100023;162.660000000;220;9591026885;S
20240213;100023;162.660000000;10940;9591026886;S
20240213;100024;162.750000000;10;9591027108;S
20240213;100024;162.750000000;10;9591027233;S
20240213;100024;162.760000000;260;9591027317;S
20240213;100025;162.750000000;300;9591027506;B
20240213;100025;162.750000000;320;9591027507;B
20240213;100027;162.720000000;10;9591027782;B
20240213;100028;162.670000000;360;9591028055;S
20240213;100028;162.660000000;220;9591028056;S
20240213;100028;162.660000000;2150;9591028057;S
20240213;100028;162.650000000;200;9591028058;S
20240213;100028;162.650000000;200;9591028059;S
20240213;100028;162.650000000;220;9591028060;S
20240213;100028;162.650000000;300;9591028061;S
20240213;100028;162.640000000;220;9591028062;S
20240213;100028;162.640000000;10;9591028063;S
20240213;100028;162.630000000;220;9591028064;S
20240213;100028;162.630000000;900;9591028065;S
20240213;100030;162.650000000;120;9591028692;S
20240213;100030;162.700000000;10;9591028854;B
20240213;100031;162.650000000;50;9591029018;S
20240213;100031;162.650000000;10;9591029097;S
20240213;100031;162.650000000;40;9591029192;S
20240213;100033;162.690000000;10;9591029526;B
20240213;100035;162.650000000;10;9591029991;S
20240213;100036;162.690000000;10;9591030352;B
20240213;100037;162.690000000;30;9591030422;B
20240213;100039;162.630000000;10;9591030727;S
20240213;100040;162.660000000;10;9591031050;B
20240213;100040;162.660000000;100;9591031166;B
20240213;100041;162.640000000;40;9591031371;S
20240213;100041;162.660000000;30;9591031434;B
20240213;100042;162.660000000;50;9591031587;B
20240213;100042;162.680000000;220;9591031588;B
20240213;100043;162.670000000;10;9591031862;S
20240213;100044;162.690000000;10;9591031953;B
20240213;100044;162.670000000;10;9591031955;S
20240213;100045;162.650000000;10;9591032148;S
20240213;100045;162.650000000;20;9591032149;S
20240213;100045;162.670000000;10;9591032151;B
20240213;100046;162.670000000;130;9591032312;S
20240213;100046;162.690000000;80;9591032364;B
20240213;100047;162.690000000;10;9591032448;B
20240213;100048;162.690000000;100;9591032553;B
20240213;100049;162.680000000;10;9591032754;S
20240213;100049;162.690000000;10;9591032835;B
20240213;100049;162.700000000;50;9591032932;B
20240213;100049;162.710000000;30;9591032933;B
20240213;100049;162.700000000;180;9591033003;B
20240213;100049;162.700000000;1670;9591033004;B
20240213;100050;162.710000000;10;9591033063;B
20240213;100052;162.740000000;350;9591033597;B
20240213;100053;162.740000000;10;9591033813;B
20240213;100053;162.690000000;310;9591033854;S
20240213;100053;162.750000000;10;9591033916;B
20240213;100055;162.750000000;10;9591034250;B
20240213;100056;162.750000000;10;9591034438;B
20240213;100056;162.740000000;20;9591034500;S
20240213;100057;162.750000000;10;9591034531;B
20240213;100057;162.750000000;10;9591034561;B
20240213;100057;162.740000000;100;9591034627;S
20240213;100057;162.740000000;80;9591034629;S
20240213;100058;162.750000000;50;9591034708;B
20240213;100059;162.750000000;10;9591034982;B
20240213;100100;162.750000000;10;9591035084;B
20240213;100100;162.750000000;30;9591035263;B
20240213;100104;162.750000000;50;9591035907;B
20240213;100104;162.750000000;40;9591035908;B
20240213;100105;162.760000000;20;9591036073;B
20240213;100106;162.760000000;30;9591036343;B
20240213;100108;162.760000000;860;9591036516;B
20240213;100108;162.760000000;300;9591036518;S
20240213;100108;162.760000000;300;9591036722;S
20240213;100108;162.760000000;1850;9591036723;S
20240213;100109;162.750000000;1350;9591036817;S
20240213;100109;162.760000000;4650;9591036873;B
20240213;100112;162.750000000;550;9591037168;S
20240213;100113;162.750000000;90;9591037215;S
20240213;100113;162.760000000;10;9591037216;B
20240213;100114;162.760000000;1000;9591037464;B
20240213;100116;162.750000000;150;9591037602;S
20240213;100116;162.750000000;20;9591037658;S
20240213;100120;162.750000000;120;9591038512;S
20240213;100121;162.750000000;30;9591038577;S
20240213;100124;162.760000000;600;9591038985;B
20240213;100127;162.760000000;50;9591039352;B
20240213;100127;162.760000000;450;9591039353;B
20240213;100127;162.750000000;550;9591039358;S
20240213;100127;162.760000000;20;9591039425;B
20240213;100128;162.760000000;620;9591039486;B
20240213;100128;162.770000000;380;9591039487;B
20240213;100129;162.760000000;10;9591039720;S
20240213;100131;162.770000000;10;9591039912;B
20240213;100131;162.770000000;20;9591039978;B
20240213;100131;162.770000000;10;9591040010;B
20240213;100133;162.760000000;30;9591040235;S
20240213;100136;162.770000000;10;9591040624;B
20240213;100136;162.770000000;2570;9591040675;B
20240213;100136;162.770000000;200;9591040676;B
20240213;100136;162.780000000;180;9591040677;B
20240213;100136;162.780000000;1000;9591040678;B
20240213;100136;162.800000000;10;9591040679;B
20240213;100136;162.800000000;2150;9591040680;B
20240213;100136;162.800000000;300;9591040681;B
20240213;100136;162.830000000;3700;9591040682;B
20240213;100136;162.830000000;3700;9591040683;B
20240213;100136;162.840000000;190;9591040684;B
20240213;100136;162.820000000;50;9591040698;S
20240213;100136;162.820000000;10;9591040720;S
20240213;100137;162.820000000;140;9591040791;S
20240213;100137;162.800000000;860;9591040792;S
20240213;100137;162.850000000;40;9591040850;B
20240213;100137;162.850000000;400;9591040851;B
20240213;100137;162.860000000;10;9591040852;B
20240213;100137;162.870000000;50;9591040853;B
20240213;100137;162.870000000;400;9591040854;B
20240213;100137;162.870000000;100;9591040855;B
20240213;100138;162.870000000;200;9591041099;B
20240213;100138;162.870000000;620;9591041100;B
20240213;100139;162.870000000;740;9591041127;B
20240213;100145;162.860000000;250;9591042075;S
20240213;100147;162.860000000;6440;9591042588;S
20240213;100147;162.860000000;300;9591042589;S
20240213;100147;162.830000000;1000;9591042590;S
20240213;100147;162.820000000;1000;9591042591;S
20240213;100148;162.820000000;600;9591042947;B
20240213;100148;162.820000000;10;9591042981;B
20240213;100148;162.820000000;50;9591043097;B
20240213;100148;162.820000000;50;9591043158;B
20240213;100155;162.810000000;100;9591044365;S
20240213;100155;162.810000000;900;9591044366;S
20240213;100156;162.810000000;250;9591044421;S
20240213;100156;162.810000000;10;9591044444;S
20240213;100156;162.820000000;260;9591044554;B
20240213;100157;162.820000000;70;9591044665;B
20240213;100157;162.820000000;1000;9591044683;B
20240213;100158;162.820000000;60;9591044751;B
20240213;100159;162.820000000;30;9591044939;B
20240213;100159;162.820000000;110;9591044964;B
20240213;100200;162.820000000;910;9591045074;B
20240213;100200;162.810000000;540;9591045086;S
20240213;100200;162.810000000;160;9591045087;S
20240213;100200;162.820000000;20;9591045095;B
20240213;100200;162.810000000;10;9591045097;S
20240213;100201;162.810000000;30;9591045199;S
20240213;100201;162.810000000;100;9591045200;S
20240213;100201;162.810000000;200;9591045201;S
20240213;100201;162.810000000;140;9591045202;S
20240213;100202;162.810000000;50;9591045317;B
20240213;100204;162.810000000;10;9591045744;B
20240213;100205;162.810000000;10;9591045929;B
20240213;100206;162.810000000;20;9591045951;B
20240213;100207;162.810000000;50;9591046148;B
20240213;100207;162.810000000;30;9591046162;B
20240213;100210;162.810000000;10;9591046657;B
20240213;100211;162.810000000;10;9591046919;B
20240213;100213;162.810000000;10;9591047174;B
20240213;100213;162.810000000;10;9591047215;B
20240213;100213;162.810000000;150;9591047273;B
20240213;100214;162.810000000;670;9591047515;B
20240213;100214;162.810000000;150;9591047516;B
20240213;100214;162.820000000;280;9591047517;B
20240213;100215;162.820000000;2000;9591047698;B
20240213;100216;162.820000000;10;9591047806;B
20240213;100216;162.810000000;250;9591047973;S
20240213;100217;162.810000000;40;9591048110;S
20240213;100218;162.820000000;10;9591048229;B
20240213;100219;162.820000000;10;9591048398;B
20240213;100223;162.810000000;10;9591049086;S
20240213;100223;162.810000000;290;9591049087;S
20240213;100226;162.810000000;20;9591049522;S
20240213;100226;162.820000000;800;9591049579;B
20240213;100227;162.820000000;450;9591049676;B
20240213;100230;162.820000000;100;9591050066;B
20240213;100231;162.820000000;130;9591050145;B
20240213;100233;162.820000000;200;9591050467;B
20240213;100236;162.820000000;240;9591051229;B
20240213;100236;162.820000000;240;9591051236;B
20240213;100236;162.820000000;230;9591051286;B
20240213;100236;162.820000000;230;9591051303;B
20240213;100236;162.820000000;240;9591051325;B
20240213;100236;162.820000000;240;9591051335;B
20240213;100238;162.820000000;730;9591051526;B
20240213;100238;162.810000000;250;9591051575;S
20240213;100239;162.820000000;230;9591051821;B
20240213;100239;162.820000000;230;9591051824;B
20240213;100241;162.820000000;1000;9591052126;B
20240213;100241;162.820000000;900;9591052137;B
20240213;100241;162.820000000;170;9591052157;B
20240213;100241;162.820000000;500;9591052158;B
20240213;100241;162.850000000;140;9591052159;B
20240213;100241;162.850000000;110;9591052197;B
20240213;100241;162.860000000;50;9591052198;B
20240213;100241;162.860000000;570;9591052199;B
20240213;100242;162.860000000;120;9591052304;B
20240213;100242;162.860000000;120;9591052305;B
20240213;100242;162.850000000;10;9591052360;S
20240213;100243;162.850000000;130;9591052506;S
20240213;100243;162.860000000;40;9591052570;B
20240213;100243;162.870000000;20;9591052571;B
20240213;100243;162.870000000;20;9591052572;B
20240213;100243;162.870000000;10;9591052573;B
20240213;100243;162.870000000;840;9591052574;B
20240213;100244;162.870000000;830;9591052615;B
20240213;100244;162.870000000;330;9591052638;B
20240213;100244;162.880000000;420;9591052639;B
20240213;100244;162.880000000;20;9591052729;B
20240213;100245;162.880000000;200;9591052868;B
20240213;100246;162.870000000;10;9591052873;S
20240213;100251;162.870000000;40;9591053702;S
20240213;100252;162.880000000;1000;9591054014;B
20240213;100252;162.880000000;10;9591054015;B
20240213;100252;162.880000000;100;9591054016;B
20240213;100254;162.880000000;10;9591054214;S
20240213;100254;162.890000000;50;9591054223;S
20240213;100254;162.900000000;10;9591054260;B
20240213;100254;162.890000000;50;9591054267;S
20240213;100256;162.890000000;20;9591054478;S
20240213;100257;162.890000000;6580;9591054604;S
20240213;100257;162.890000000;200;9591054605;S
20240213;100257;162.890000000;50;9591054606;S
20240213;100257;162.880000000;1770;9591054607;S
20240213;100258;162.880000000;110;9591054647;S
20240213;100258;162.880000000;10;9591054648;S
20240213;100258;162.880000000;130;9591054649;S
20240213;100258;162.880000000;390;9591054702;S
20240213;100259;162.890000000;80;9591054749;S
20240213;100259;162.890000000;420;9591054925;S
20240213;100259;162.880000000;990;9591054938;S
20240213;100259;162.880000000;690;9591054945;S
20240213;100259;162.880000000;180;9591054947;S
20240213;100259;162.870000000;30;9591054957;S
20240213;100259;162.870000000;60;9591054958;S
20240213;100259;162.870000000;10;9591054962;S
20240213;100259;162.870000000;10;9591054972;S
20240213;100300;162.860000000;50;9591055566;S
20240213;100300;162.850000000;300;9591055583;S
20240213;100300;162.830000000;60;9591055584;S
20240213;100300;162.820000000;140;9591055585;S
20240213;100300;162.860000000;10;9591055621;B
20240213;100302;162.870000000;10;9591056185;B
20240213;100302;162.870000000;10;9591056518;B
20240213;100304;162.860000000;10;9591057894;B
20240213;100305;162.860000000;1850;9591058592;B
20240213;100305;162.870000000;2120;9591058593;B
20240213;100305;162.880000000;50;9591058594;B
20240213;100305;162.880000000;50;9591058595;B
20240213;100305;162.890000000;300;9591058596;B
20240213;100305;162.890000000;180;9591058597;B
20240213;100305;162.900000000;140;9591058598;B
20240213;100305;162.900000000;100;9591058599;B
20240213;100305;162.910000000;300;9591058600;B
20240213;100305;162.910000000;1040;9591058601;B
20240213;100305;162.910000000;100;9591058602;B
20240213;100305;162.910000000;680;9591058603;S
20240213;100305;162.920000000;60;9591058608;B
20240213;100305;162.920000000;10;9591058609;B
20240213;100305;162.920000000;300;9591058610;B
20240213;100305;162.920000000;160;9591058611;B
20240213;100305;162.920000000;270;9591058612;B
20240213;100305;162.920000000;100;9591058613;B
20240213;100305;162.920000000;200;9591058614;B
20240213;100305;162.920000000;200;9591058615;B
20240213;100305;162.920000000;100;9591058616;B
20240213;100305;162.920000000;100;9591058617;B
20240213;100305;162.920000000;200;9591058618;B
20240213;100305;162.920000000;100;9591058619;B
20240213;100305;162.920000000;200;9591058620;B
20240213;100306;162.910000000;170;9591059002;S
20240213;100306;162.850000000;300;9591059007;S
20240213;100306;162.840000000;700;9591059008;S
20240213;100306;162.850000000;300;9591059009;S
20240213;100306;162.840000000;300;9591059011;S
20240213;100306;162.840000000;230;9591059012;S
20240213;100306;162.880000000;80;9591059273;S
20240213;100307;162.920000000;40;9591059365;B
20240213;100307;162.840000000;1000;9591059423;S
20240213;100307;162.840000000;300;9591059424;S
20240213;100307;162.830000000;1000;9591059425;S
20240213;100307;162.830000000;550;9591059426;S
20240213;100307;162.820000000;450;9591059427;S
20240213;100307;162.820000000;10;9591059428;S
20240213;100307;162.820000000;1000;9591059429;S
20240213;100307;162.820000000;3560;9591059430;S
20240213;100307;162.820000000;3700;9591059431;S
20240213;100307;162.810000000;1420;9591059432;S
20240213;100311;162.890000000;20;9591060324;B
20240213;100311;162.820000000;280;9591060455;S
20240213;100311;162.810000000;220;9591060456;S
20240213;100313;162.890000000;10;9591060951;B
20240213;100315;162.910000000;40;9591061272;B
20240213;100318;162.910000000;990;9591061629;S
20240213;100318;162.860000000;300;9591061630;S
20240213;100318;162.840000000;800;9591061631;S
20240213;100318;162.820000000;140;9591061632;S
20240213;100318;162.820000000;50;9591061633;S
20240213;100318;162.820000000;1000;9591061634;S
20240213;100318;162.810000000;720;9591061635;S
20240213;100319;162.870000000;500;9591061773;B
20240213;100319;162.820000000;10;9591061900;S
20240213;100320;162.860000000;50;9591062009;B
20240213;100320;162.870000000;50;9591062010;B
20240213;100324;162.870000000;100;9591062429;B
20240213;100324;162.870000000;350;9591062521;B
20240213;100324;162.880000000;250;9591062522;B
20240213;100324;162.890000000;570;9591062523;B
20240213;100324;162.890000000;490;9591062586;B
20240213;100324;162.900000000;680;9591062587;B
20240213;100325;162.900000000;40;9591062894;B
20240213;100326;162.900000000;680;9591062931;B
20240213;100326;162.900000000;10;9591062954;S
20240213;100326;162.910000000;10;9591063040;B
20240213;100326;162.940000000;80;9591063041;B
20240213;100326;162.940000000;1090;9591063042;B
20240213;100326;162.940000000;880;9591063115;B
20240213;100326;162.950000000;300;9591063116;B
20240213;100328;162.950000000;700;9591063343;B
20240213;100328;162.950000000;20;9591063344;B
20240213;100328;162.950000000;220;9591063345;B
20240213;100328;162.950000000;230;9591063504;B
20240213;100330;162.950000000;780;9591063670;B
20240213;100330;162.950000000;390;9591063671;B
20240213;100334;162.950000000;1110;9591064330;S
20240213;100335;162.950000000;200;9591064462;S
20240213;100337;162.950000000;200;9591064854;S
20240213;100338;162.960000000;10;9591065033;B
20240213;100339;162.960000000;10;9591065093;B
20240213;100339;162.950000000;250;9591065185;S
20240213;100340;162.960000000;350;9591065267;B
20240213;100342;162.950000000;240;9591065537;S
20240213;100342;162.950000000;10;9591065545;S
20240213;100345;162.950000000;1800;9591065839;S
20240213;100345;162.950000000;450;9591065840;S
20240213;100347;162.960000000;100;9591066138;B
20240213;100349;162.950000000;550;9591066451;S
20240213;100351;162.930000000;9810;9591066575;B
20240213;100351;162.920000000;10;9591066643;S
20240213;100351;162.920000000;190;9591066644;S
20240213;100351;162.930000000;30;9591066654;B
20240213;100354;162.930000000;30;9591066909;B
20240213;100355;162.930000000;200;9591067083;B
20240213;100357;162.920000000;10;9591067400;S
20240213;100357;162.930000000;70;9591067403;B
20240213;100358;162.920000000;500;9591067469;S
20240213;100358;162.930000000;10;9591067517;B
20240213;100358;162.920000000;250;9591067523;S
20240213;100359;162.930000000;40;9591067544;B
20240213;100400;162.920000000;60;9591067856;S
20240213;100400;162.920000000;30;9591067891;S
20240213;100400;162.930000000;10;9591067921;B
20240213;100400;162.930000000;1000;9591067933;B
20240213;100400;162.920000000;30;9591067945;S
20240213;100401;162.930000000;10;9591068018;B
20240213;100401;162.920000000;30;9591068056;S
20240213;100401;162.930000000;10;9591068094;B
20240213;100401;162.920000000;400;9591068141;S
20240213;100402;162.920000000;500;9591068254;S
20240213;100404;162.930000000;10;9591068715;B
20240213;100405;162.920000000;830;9591068803;S
20240213;100405;162.920000000;150;9591068804;S
20240213;100405;162.910000000;10;9591068805;S
20240213;100405;162.910000000;390;9591068806;S
20240213;100405;162.900000000;430;9591068807;S
20240213;100405;162.900000000;100;9591068876;S
20240213;100406;162.910000000;400;9591068933;B
20240213;100406;162.910000000;300;9591068934;B
20240213;100406;162.920000000;1850;9591068935;B
20240213;100406;162.930000000;7450;9591068936;B
20240213;100407;162.900000000;50;9591069110;S
20240213;100408;162.910000000;10;9591069302;B
20240213;100408;162.910000000;10;9591069371;B
20240213;100411;162.900000000;1010;9591069802;S
20240213;100411;162.900000000;1000;9591069804;S
20240213;100411;162.900000000;1000;9591069808;S
20240213;100411;162.910000000;10;9591069822;B
20240213;100411;162.900000000;20;9591069859;S
20240213;100411;162.910000000;10;9591069860;B
20240213;100411;162.910000000;400;9591069861;B
20240213;100411;162.910000000;150;9591069862;B
20240213;100411;162.910000000;50;9591069863;B
20240213;100411;162.910000000;70;9591069872;B
20240213;100411;162.910000000;20;9591069887;B
20240213;100414;162.910000000;50;9591070285;B
20240213;100416;162.910000000;80;9591070557;B
20240213;100419;162.900000000;100;9591071059;S
20240213;100419;162.900000000;120;9591071061;S
20240213;100420;162.910000000;70;9591071196;B
20240213;100421;162.910000000;40;9591071328;B
20240213;100421;162.910000000;50;9591071370;B
20240213;100423;162.900000000;480;9591071725;S
20240213;100423;162.900000000;20;9591071726;S
20240213;100423;162.900000000;50;9591071727;S
20240213;100423;162.880000000;10;9591071728;S
20240213;100423;162.870000000;440;9591071731;S
20240213;100425;162.900000000;100;9591071970;S
20240213;100428;162.870000000;50;9591072573;S
20240213;100428;162.870000000;500;9591072581;S
20240213;100429;162.870000000;20;9591072796;S
20240213;100430;162.880000000;10;9591072991;B
20240213;100433;162.870000000;2990;9591073559;S
20240213;100433;162.870000000;10;9591073560;S
20240213;100439;162.860000000;300;9591074509;B
20240213;100439;162.860000000;1850;9591074510;B
20240213;100439;162.870000000;24620;9591074511;B
20240213;100439;162.870000000;1640;9591074512;B
20240213;100439;162.880000000;10;9591074513;B
20240213;100439;162.880000000;390;9591074514;B
20240213;100439;162.890000000;10;9591074515;B
20240213;100439;162.890000000;2000;9591074516;B
20240213;100439;162.900000000;1400;9591074517;B
20240213;100439;162.900000000;14930;9591074518;B
20240213;100439;162.900000000;2000;9591074519;B
20240213;100439;162.900000000;3000;9591074520;B
20240213;100442;162.910000000;60;9591074947;S
20240213;100444;162.920000000;80;9591075432;B
20240213;100444;162.910000000;1000;9591075448;S
20240213;100445;162.910000000;2870;9591075707;S
20240213;100445;162.910000000;100;9591075708;S
20240213;100445;162.900000000;6540;9591075709;S
20240213;100445;162.900000000;410;9591075710;S
20240213;100445;162.890000000;300;9591075711;S
20240213;100445;162.880000000;50;9591075712;S
20240213;100445;162.870000000;1020;9591075713;S
20240213;100445;162.850000000;1000;9591075714;S
20240213;100445;162.850000000;1000;9591075715;S
20240213;100446;162.840000000;1850;9591075949;B
20240213;100446;162.850000000;8150;9591075950;B
20240213;100446;162.850000000;10;9591076071;B
20240213;100448;162.850000000;600;9591076340;B
20240213;100448;162.850000000;10;9591076362;B
20240213;100448;162.850000000;100;9591076401;B
20240213;100448;162.850000000;10;9591076459;B
20240213;100450;162.850000000;310;9591076814;B
20240213;100450;162.850000000;10;9591076892;B
20240213;100451;162.850000000;100;9591077468;B
20240213;100452;162.850000000;40;9591077556;B
20240213;100452;162.820000000;50;9591077616;S
20240213;100452;162.850000000;50;9591077662;B
20240213;100453;162.850000000;1000;9591077723;B
20240213;100454;162.840000000;10;9591077800;B
20240213;100454;162.820000000;100;9591077821;S
20240213;100454;162.820000000;300;9591077822;S
20240213;100454;162.840000000;10;9591077838;B
20240213;100455;162.840000000;50;9591077993;B
20240213;100456;162.820000000;120;9591078146;S
20240213;100458;162.840000000;30;9591078377;B
20240213;100458;162.840000000;10;9591078485;B
20240213;100459;162.820000000;780;9591078595;S
20240213;100459;162.810000000;1730;9591078596;S
20240213;100459;162.810000000;4000;9591078597;S
20240213;100459;162.810000000;50;9591078598;S
20240213;100459;162.810000000;200;9591078599;S
20240213;100459;162.810000000;10;9591078600;S
20240213;100459;162.810000000;410;9591078601;S
20240213;100459;162.800000000;50;9591078602;S
20240213;100459;162.800000000;50;9591078603;S
20240213;100459;162.800000000;40;9591078604;S
20240213;100459;162.800000000;10;9591078605;S
20240213;100459;162.800000000;30;9591078606;S
20240213;100459;162.800000000;20;9591078607;S
20240213;100459;162.800000000;1000;9591078608;S
20240213;100459;162.800000000;1000;9591078609;S
20240213;100459;162.800000000;100;9591078610;S
20240213;100459;162.800000000;100;9591078611;S
20240213;100459;162.800000000;10;9591078612;S
20240213;100459;162.800000000;10;9591078613;S
20240213;100459;162.800000000;100;9591078614;S
20240213;100459;162.800000000;10;9591078615;S
20240213;100459;162.780000000;190;9591078616;S
20240213;100459;162.780000000;1050;9591078617;S
20240213;100459;162.770000000;2000;9591078618;S
20240213;100459;162.770000000;10;9591078619;S
20240213;100459;162.770000000;1000;9591078620;S
20240213;100459;162.770000000;290;9591078621;S
20240213;100459;162.770000000;300;9591078622;S
20240213;100459;162.760000000;10;9591078623;S
20240213;100459;162.760000000;10;9591078624;S
20240213;100459;162.760000000;300;9591078625;S
20240213;100459;162.760000000;20000;9591078626;S
20240213;100459;162.760000000;2000;9591078627;S
20240213;100459;162.750000000;4500;9591078628;S
20240213;100459;162.750000000;1000;9591078629;S
20240213;100459;162.750000000;220;9591078630;S
20240213;100459;162.750000000;10;9591078631;S
20240213;100459;162.750000000;50;9591078632;S
20240213;100459;162.740000000;2400;9591078633;S
20240213;100459;162.740000000;50;9591078634;S
20240213;100459;162.740000000;1000;9591078635;S
20240213;100459;162.740000000;220;9591078636;S
20240213;100459;162.740000000;30;9591078637;S
20240213;100459;162.740000000;800;9591078638;S
20240213;100459;162.730000000;220;9591078639;S
20240213;100459;162.730000000;1000;9591078640;S
20240213;100459;162.730000000;16000;9591078641;S
20240213;100459;162.720000000;220;9591078642;S
20240213;100459;162.720000000;1000;9591078643;S
20240213;100459;162.720000000;2140;9591078644;S
20240213;100459;162.710000000;220;9591078645;S
20240213;100459;162.710000000;1000;9591078646;S
20240213;100459;162.710000000;8000;9591078647;S
20240213;100459;162.700000000;10;9591078648;S
20240213;100459;162.700000000;50;9591078649;S
20240213;100459;162.700000000;10;9591078650;S
20240213;100459;162.700000000;30;9591078651;S
20240213;100459;162.700000000;50;9591078652;S
20240213;100459;162.700000000;220;9591078653;S
20240213;100459;162.700000000;1000;9591078654;S
20240213;100459;162.690000000;4690;9591078655;S
20240213;100459;162.690000000;1000;9591078656;S
20240213;100459;162.690000000;220;9591078657;S
20240213;100459;162.690000000;8000;9591078658;S
20240213;100459;162.690000000;8000;9591078659;S
20240213;100459;162.680000000;1000;9591078660;S
20240213;100459;162.680000000;220;9591078661;S
20240213;100459;162.670000000;1000;9591078662;S
20240213;100459;162.670000000;220;9591078663;S
20240213;100459;162.660000000;1000;9591078664;S
20240213;100459;162.660000000;220;9591078665;S
20240213;100459;162.650000000;1000;9591078666;S
20240213;100459;162.650000000;2000;9591078667;S
20240213;100459;162.640000000;1000;9591078668;S
20240213;100459;162.620000000;250;9591078669;S
20240213;100459;162.610000000;16000;9591078670;S
20240213;100459;162.600000000;10;9591078671;S
20240213;100459;162.600000000;10;9591078672;S
20240213;100459;162.600000000;200;9591078673;S
20240213;100459;162.600000000;10;9591078674;S
20240213;100459;162.600000000;10;9591078675;S
20240213;100459;162.600000000;50;9591078676;S
20240213;100459;162.600000000;10;9591078677;S
20240213;100459;162.600000000;10;9591078678;S
20240213;100459;162.600000000;120;9591078679;S
20240213;100459;162.600000000;20;9591078680;S
20240213;100459;162.600000000;40;9591078681;S
20240213;100459;162.600000000;100;9591078682;S
20240213;100459;162.600000000;10;9591078683;S
20240213;100459;162.590000000;4000;9591078684;S
20240213;100459;162.590000000;30;9591078685;S
20240213;100459;162.560000000;50;9591078686;S
20240213;100459;162.560000000;10;9591078687;S
20240213;100459;162.560000000;100;9591078688;S
20240213;100459;162.560000000;10000;9591078689;S
20240213;100459;162.530000000;20;9591078690;S
20240213;100459;162.520000000;10;9591078691;S
20240213;100459;162.520000000;20;9591078692;S
20240213;100459;162.520000000;50;9591078693;S
20240213;100459;162.520000000;20;9591078694;S
20240213;100459;162.520000000;100;9591078695;S
20240213;100459;162.520000000;20;9591078696;S
20240213;100459;162.510000000;10;9591078697;S
20240213;100459;162.510000000;30;9591078698;S
20240213;100459;162.510000000;50;9591078699;S
20240213;100459;162.510000000;10;9591078700;S
20240213;100459;162.510000000;10;9591078701;S
20240213;100459;162.510000000;40;9591078702;S
20240213;100459;162.510000000;50;9591078703;S
20240213;100459;162.510000000;500;9591078704;S
20240213;100459;162.510000000;10;9591078705;S
20240213;100459;162.510000000;10;9591078706;S
20240213;100459;162.510000000;50;9591078707;S
20240213;100459;162.510000000;50;9591078708;S
20240213;100459;162.510000000;5500;9591078709;S
20240213;100459;162.500000000;60;9591078710;S
20240213;100459;162.500000000;10;9591078711;S
20240213;100459;162.500000000;20;9591078712;S
20240213;100459;162.500000000;80;9591078713;S
20240213;100459;162.500000000;10500;9591078714;S
20240213;100459;162.500000000;50;9591078715;S
20240213;100459;162.500000000;10;9591078716;S
20240213;100459;162.500000000;50;9591078717;S
20240213;100459;162.500000000;20;9591078718;S
20240213;100459;162.500000000;15860;9591078719;S
20240213;100459;162.820000000;40;9591078722;B
20240213;100459;162.550000000;60;9591078731;S
20240213;100459;162.550000000;200;9591078732;S
20240213;100459;162.550000000;40;9591078733;S
20240213;100459;162.550000000;220;9591078734;S
20240213;100459;162.550000000;740;9591078735;S
20240213;100459;162.550000000;700;9591078736;S
20240213;100459;162.590000000;20;9591078769;B
20240213;100500;162.590000000;10;9591078908;B
20240213;100500;162.580000000;300;9591078971;B
20240213;100500;162.590000000;170;9591078972;B
20240213;100500;162.590000000;530;9591078973;B
20240213;100501;162.580000000;60;9591079066;B
20240213;100501;162.580000000;40;9591079231;B
20240213;100502;162.570000000;20;9591079340;S
20240213;100502;162.580000000;100;9591079463;B
20240213;100503;162.580000000;200;9591079671;B
20240213;100503;162.590000000;1000;9591079859;B
20240213;100503;162.590000000;300;9591079860;B
20240213;100503;162.600000000;1000;9591079894;B
20240213;100503;162.600000000;450;9591079895;B
20240213;100503;162.600000000;300;9591079896;B
20240213;100503;162.600000000;20;9591079903;B
20240213;100503;162.590000000;410;9591079913;S
20240213;100504;162.600000000;980;9591080081;B
20240213;100504;162.600000000;190;9591080082;B
20240213;100505;162.620000000;1000;9591080450;B
20240213;100505;162.630000000;50;9591080451;B
20240213;100506;162.650000000;50;9591080552;B
20240213;100506;162.650000000;100;9591080553;B
20240213;100507;162.660000000;20;9591080698;B
20240213;100507;162.660000000;10;9591080791;B
20240213;100508;162.660000000;90;9591080959;B
20240213;100509;162.680000000;10;9591080984;B
20240213;100509;162.670000000;20;9591081102;S
20240213;100509;162.670000000;20;9591081103;S
20240213;100509;162.670000000;20;9591081104;S
20240213;100510;162.670000000;20;9591081123;S
20240213;100510;162.680000000;880;9591081132;B
20240213;100512;162.680000000;10;9591081613;B
20240213;100512;162.680000000;40;9591081615;B
20240213;100512;162.680000000;30;9591081616;B
20240213;100512;162.670000000;20;9591081655;S
20240213;100512;162.670000000;20;9591081656;S
20240213;100512;162.670000000;20;9591081657;S
20240213;100512;162.670000000;20;9591081658;S
20240213;100512;162.670000000;20;9591081659;S
20240213;100512;162.670000000;100;9591081660;S
20240213;100512;162.670000000;100;9591081662;S
20240213;100512;162.670000000;100;9591081663;S
20240213;100512;162.670000000;100;9591081664;S
20240213;100512;162.670000000;300;9591081665;S
20240213;100512;162.670000000;100;9591081666;S
20240213;100512;162.670000000;100;9591081667;S
20240213;100513;162.670000000;1000;9591081722;S
20240213;100514;162.680000000;120;9591081922;B
20240213;100515;162.670000000;100;9591082124;S
20240213;100515;162.670000000;100;9591082125;S
20240213;100515;162.670000000;1000;9591082138;S
20240213;100515;162.670000000;1000;9591082139;S
20240213;100515;162.670000000;520;9591082140;S
20240213;100515;162.670000000;160;9591082141;S
20240213;100515;162.670000000;20;9591082142;S
20240213;100515;162.670000000;20;9591082143;S
20240213;100515;162.670000000;20;9591082144;S
20240213;100516;162.680000000;10;9591082289;B
20240213;100517;162.680000000;200;9591082375;B
20240213;100517;162.650000000;20;9591082513;S
20240213;100518;162.620000000;10;9591082537;S
20240213;100518;162.650000000;10;9591082642;S
20240213;100518;162.680000000;1940;9591082758;B
20240213;100518;162.680000000;200;9591082759;B
20240213;100518;162.680000000;860;9591082760;B
20240213;100520;162.670000000;200;9591083061;B
20240213;100520;162.680000000;140;9591083062;B
20240213;100520;162.680000000;160;9591083063;B
20240213;100520;162.630000000;10;9591083084;S
20240213;100524;162.680000000;10;9591083972;S
20240213;100524;162.680000000;100;9591084011;S
20240213;100524;162.680000000;100;9591084012;S
20240213;100524;162.680000000;70;9591084013;S
20240213;100524;162.680000000;130;9591084014;S
20240213;100524;162.680000000;100;9591084015;S
20240213;100524;162.680000000;100;9591084016;S
20240213;100530;162.690000000;100;9591084844;B
20240213;100530;162.690000000;20;9591084845;B
20240213;100530;162.690000000;80;9591084908;B
20240213;100530;162.690000000;160;9591084909;B
20240213;100530;162.690000000;40;9591084917;B
20240213;100530;162.710000000;200;9591084918;B
20240213;100531;162.710000000;440;9591085067;B
20240213;100531;162.720000000;50;9591085068;B
20240213;100531;162.730000000;210;9591085069;B
20240213;100532;162.730000000;10;9591085254;B
20240213;100532;162.720000000;100;9591085340;B
20240213;100532;162.720000000;100;9591085341;B
20240213;100532;162.720000000;100;9591085342;B
20240213;100532;162.720000000;200;9591085343;B
20240213;100532;162.730000000;20;9591085344;B
20240213;100532;162.730000000;220;9591085376;B
20240213;100532;162.730000000;1440;9591085382;B
20240213;100532;162.730000000;5310;9591085394;B
20240213;100532;162.740000000;10;9591085479;B
20240213;100532;162.740000000;40;9591085521;B
20240213;100532;162.750000000;220;9591085522;B
20240213;100532;162.750000000;220;9591085562;B
20240213;100532;162.760000000;220;9591085567;B
20240213;100532;162.760000000;50;9591085568;B
20240213;100532;162.760000000;430;9591085569;B
20240213;100532;162.770000000;220;9591085599;B
20240213;100533;162.780000000;220;9591085839;B
20240213;100533;162.780000000;740;9591085840;B
20240213;100536;162.780000000;350;9591086388;B
20240213;100536;162.790000000;350;9591086411;B
20240213;100536;162.780000000;300;9591086412;S
20240213;100536;162.780000000;1200;9591086413;S
20240213;100536;162.780000000;4060;9591086465;B
20240213;100536;162.780000000;1170;9591086508;B
20240213;100536;162.780000000;1170;9591086545;B
20240213;100536;162.780000000;1000;9591086604;B
20240213;100536;162.780000000;300;9591086709;B
20240213;100537;162.770000000;10;9591086770;S
20240213;100537;162.780000000;900;9591086774;B
20240213;100537;162.770000000;10;9591086824;S
20240213;100537;162.780000000;300;9591086863;S
20240213;100537;162.770000000;250;9591086877;S
20240213;100537;162.770000000;600;9591086891;S
20240213;100537;162.780000000;810;9591086899;B
20240213;100538;162.780000000;300;9591086926;B
20240213;100538;162.780000000;300;9591086933;B
20240213;100538;162.780000000;300;9591087044;S
20240213;100538;162.780000000;730;9591087091;B
20240213;100539;162.780000000;300;9591087167;S
20240213;100539;162.780000000;300;9591087348;S
20240213;100539;162.780000000;1850;9591087349;S
20240213;100542;162.770000000;30;9591087693;S
20240213;100542;162.780000000;40;9591087773;B
20240213;100545;162.780000000;40;9591088106;B
20240213;100545;162.780000000;460;9591088107;B
20240213;100545;162.780000000;300;9591088108;S
20240213;100546;162.780000000;80;9591088210;B
20240213;100546;162.770000000;10;9591088220;S
20240213;100549;162.780000000;3340;9591088592;B
20240213;100549;162.780000000;10;9591088596;B
20240213;100550;162.770000000;10;9591088729;S
20240213;100554;162.780000000;10;9591089163;B
20240213;100555;162.770000000;30;9591089392;S
20240213;100556;162.780000000;10;9591089453;B
20240213;100557;162.780000000;10;9591089593;B
20240213;100558;162.770000000;20;9591089681;S
20240213;100559;162.780000000;300;9591089921;B
20240213;100600;162.780000000;1000;9591090013;B
20240213;100600;162.770000000;200;9591090052;S
20240213;100602;162.780000000;10;9591090302;B
20240213;100602;162.770000000;10;9591090418;S
20240213;100603;162.770000000;600;9591090556;S
20240213;100609;162.780000000;10;9591091564;B
20240213;100611;162.770000000;10;9591091964;S
20240213;100612;162.770000000;10;9591092068;S
20240213;100612;162.780000000;50;9591092097;B
20240213;100613;162.780000000;110;9591092172;B
20240213;100614;162.780000000;10;9591092258;B
20240213;100619;162.770000000;200;9591092896;S
20240213;100624;162.770000000;100;9591093481;S
20240213;100624;162.780000000;20;9591093492;B
20240213;100625;162.780000000;10;9591093553;B
20240213;100625;162.770000000;10;9591093580;S
20240213;100626;162.770000000;20;9591093741;S
20240213;100628;162.780000000;10;9591094193;B
20240213;100628;162.780000000;10;9591094217;B
20240213;100629;162.770000000;300;9591094304;S
20240213;100631;162.780000000;200;9591094505;B
20240213;100633;162.780000000;10;9591094926;B
20240213;100633;162.780000000;100;9591094928;B
20240213;100633;162.770000000;70;9591094994;S
20240213;100634;162.780000000;10;9591095023;B
20240213;100635;162.780000000;10;9591095266;B
20240213;100635;162.780000000;100;9591095298;B
20240213;100638;162.780000000;30;9591095638;B
20240213;100641;162.780000000;10;9591096106;B
20240213;100641;162.780000000;10;9591096236;B
20240213;100642;162.780000000;10;9591096344;B
20240213;100643;162.770000000;850;9591096414;S
20240213;100644;162.780000000;340;9591096574;B
20240213;100644;162.780000000;230;9591096636;B
20240213;100645;162.770000000;2900;9591096824;S
20240213;100646;162.770000000;1500;9591096885;S
20240213;100646;162.770000000;20;9591096886;S
20240213;100646;162.770000000;10;9591096887;S
20240213;100646;162.770000000;100;9591096888;S
20240213;100646;162.770000000;20;9591096889;S
20240213;100646;162.770000000;10;9591096890;S
20240213;100646;162.770000000;660;9591096891;S
20240213;100646;162.770000000;30;9591096892;S
20240213;100647;162.760000000;20;9591097089;B
20240213;100647;162.770000000;10;9591097090;B
20240213;100649;162.770000000;70;9591097249;B
20240213;100649;162.770000000;30;9591097260;B
20240213;100649;162.770000000;470;9591097328;B
20240213;100650;162.770000000;500;9591097360;B
20240213;100651;162.770000000;30;9591097500;B
20240213;100653;162.770000000;20;9591097696;B
20240213;100653;162.770000000;10;9591097698;B
20240213;100653;162.740000000;10;9591097712;S
20240213;100653;162.730000000;290;9591097713;S
20240213;100654;162.720000000;30;9591097884;S
20240213;100658;162.760000000;10;9591098402;B
20240213;100700;162.720000000;50;9591098630;S
20240213;100702;162.760000000;10;9591098879;B
20240213;100702;162.720000000;170;9591098898;S
20240213;100703;162.720000000;310;9591098965;S
20240213;100704;162.760000000;90;9591098998;B
20240213;100717;162.770000000;30;9591100509;B
20240213;100718;162.770000000;30;9591100658;B
20240213;100720;162.770000000;100;9591100802;B
20240213;100723;162.760000000;1000;9591101219;S
20240213;100724;162.760000000;100;9591101314;B
20240213;100725;162.740000000;20;9591101382;S
20240213;100727;162.740000000;10;9591101655;S
20240213;100733;162.760000000;40;9591102268;S
20240213;100733;162.770000000;10;9591102390;B
20240213;100734;162.770000000;40;9591102441;B
20240213;100734;162.770000000;30;9591102470;B
20240213;100735;162.760000000;10;9591102495;S
20240213;100735;162.750000000;610;9591102496;S
20240213;100736;162.770000000;10;9591102670;B
20240213;100736;162.770000000;10;9591102671;B
20240213;100741;162.770000000;10;9591103157;B
20240213;100741;162.770000000;50;9591103161;B
20240213;100742;162.770000000;10;9591103346;B
20240213;100745;162.770000000;10;9591103761;B
20240213;100746;162.760000000;30;9591103858;S
20240213;100746;162.750000000;100;9591103859;S
20240213;100746;162.740000000;2390;9591103860;S
20240213;100747;162.760000000;300;9591103920;B
20240213;100747;162.740000000;2150;9591103990;S
20240213;100750;162.730000000;10;9591104379;S
20240213;100752;162.730000000;80;9591104517;S
20240213;100752;162.720000000;20;9591104518;S
20240213;100752;162.740000000;10;9591104581;B
20240213;100752;162.740000000;310;9591104625;B
20240213;100753;162.740000000;100;9591104767;B
20240213;100757;162.740000000;10;9591105412;B
20240213;100758;162.740000000;10;9591105502;B
20240213;100758;162.740000000;500;9591105505;B
20240213;100758;162.730000000;20;9591105554;S
20240213;100758;162.720000000;50;9591105555;S
20240213;100758;162.720000000;10;9591105556;S
20240213;100758;162.720000000;1550;9591105557;S
20240213;100758;162.720000000;610;9591105558;S
20240213;100758;162.710000000;500;9591105559;S
20240213;100758;162.700000000;20;9591105560;S
20240213;100758;162.700000000;10;9591105561;S
20240213;100758;162.700000000;10;9591105562;S
20240213;100758;162.700000000;10;9591105563;S
20240213;100758;162.690000000;10;9591105564;S
20240213;100758;162.690000000;300;9591105565;S
20240213;100758;162.680000000;270;9591105566;S
20240213;100758;162.680000000;630;9591105567;S
20240213;100759;162.730000000;10;9591105582;B
20240213;100800;162.730000000;50;9591105812;B
20240213;100802;162.730000000;10;9591105968;B
20240213;100809;162.730000000;170;9591106842;S
20240213;100809;162.730000000;1980;9591106870;S
20240213;100809;162.720000000;10;9591106871;S
20240213;100809;162.720000000;350;9591106872;S
20240213;100809;162.710000000;1540;9591106873;S
20240213;100809;162.710000000;260;9591106874;S
20240213;100809;162.700000000;10;9591106875;S
20240213;100809;162.680000000;370;9591106876;S
20240213;100809;162.680000000;10;9591106877;S
20240213;100809;162.680000000;10;9591106878;S
20240213;100809;162.680000000;300;9591106879;S
20240213;100809;162.670000000;250;9591106880;S
20240213;100809;162.670000000;20;9591106881;S
20240213;100809;162.660000000;440;9591106882;S
20240213;100810;162.670000000;2000;9591106971;S
20240213;100811;162.690000000;50;9591107170;S
20240213;100812;162.700000000;200;9591107232;S
20240213;100813;162.710000000;240;9591107453;B
20240213;100813;162.710000000;760;9591107497;B
20240213;100813;162.710000000;180;9591107498;B
20240213;100814;162.720000000;50;9591107635;B
20240213;100814;162.720000000;570;9591107636;B
20240213;100814;162.740000000;560;9591107640;B
20240213;100814;162.740000000;10;9591107789;B
20240213;100815;162.740000000;70;9591108071;B
20240213;100818;162.740000000;60;9591108311;B
20240213;100820;162.740000000;390;9591108637;B
20240213;100826;162.740000000;10;9591109419;B
20240213;100826;162.740000000;30;9591109546;B
20240213;100829;162.720000000;100;9591109735;S
20240213;100829;162.720000000;200;9591109766;S
20240213;100832;162.740000000;780;9591110213;B
20240213;100832;162.740000000;390;9591110214;B
20240213;100832;162.720000000;100;9591110274;S
20240213;100833;162.730000000;1850;9591110315;S
20240213;100833;162.730000000;1170;9591110316;S
20240213;100833;162.720000000;640;9591110317;S
20240213;100834;162.720000000;10;9591110468;B
20240213;100843;162.710000000;200;9591111759;S
20240213;100843;162.710000000;100;9591111765;S
20240213;100843;162.720000000;10;9591111793;B
20240213;100844;162.720000000;550;9591111961;B
20240213;100844;162.720000000;500;9591111971;B
20240213;100845;162.720000000;150;9591112132;B
20240213;100847;162.710000000;10;9591112370;S
20240213;100847;162.710000000;140;9591112417;S
20240213;100851;162.710000000;3780;9591112833;S
20240213;100851;162.710000000;420;9591112834;S
20240213;100851;162.710000000;10;9591112835;S
20240213;100851;162.710000000;140;9591112836;S
20240213;100851;162.700000000;90;9591112837;S
20240213;100851;162.700000000;10;9591112838;S
20240213;100851;162.700000000;20;9591112839;S
20240213;100851;162.690000000;20;9591112840;S
20240213;100851;162.670000000;590;9591112841;S
20240213;100852;162.670000000;10;9591112941;B
20240213;100852;162.670000000;10;9591112990;B
20240213;100855;162.670000000;500;9591113279;B
20240213;100900;162.670000000;10;9591114095;B
20240213;100906;162.670000000;10;9591114834;B
20240213;100908;162.670000000;200;9591114986;B
20240213;100909;162.670000000;80;9591115090;B
20240213;100909;162.670000000;40;9591115112;B
20240213;100909;162.670000000;10;9591115148;B
20240213;100910;162.660000000;50;9591115196;S
20240213;100914;162.670000000;100;9591115593;B
20240213;100915;162.670000000;20;9591115740;B
20240213;100915;162.660000000;10;9591115741;S
20240213;100916;162.670000000;10;9591115831;B
20240213;100916;162.670000000;140;9591115832;B
20240213;100918;162.670000000;20;9591116021;B
20240213;100918;162.670000000;10;9591116043;B
20240213;100918;162.670000000;20;9591116105;B
20240213;100919;162.660000000;10;9591116200;S
20240213;100922;162.670000000;500;9591116512;B
20240213;100922;162.660000000;10;9591116638;S
20240213;100922;162.660000000;10;9591116639;S
20240213;100922;162.650000000;10;9591116640;S
20240213;100922;162.650000000;770;9591116641;S
20240213;100923;162.660000000;410;9591116732;S
20240213;100923;162.650000000;1590;9591116733;S
20240213;100924;162.650000000;140;9591116780;S
20240213;100924;162.650000000;3000;9591116781;S
20240213;100924;162.640000000;70;9591116782;S
20240213;100924;162.640000000;230;9591116783;S
20240213;100924;162.630000000;100;9591116784;S
20240213;100924;162.630000000;10;9591116785;S
20240213;100924;162.630000000;70;9591116786;S
20240213;100924;162.630000000;500;9591116787;S
20240213;100924;162.620000000;500;9591116788;S
20240213;100924;162.620000000;10;9591116789;S
20240213;100924;162.620000000;10;9591116790;S
20240213;100924;162.610000000;120;9591116791;S
20240213;100924;162.610000000;10;9591116792;S
20240213;100924;162.600000000;100;9591116793;S
20240213;100924;162.600000000;10;9591116794;S
20240213;100924;162.600000000;100;9591116795;S
20240213;100924;162.600000000;10;9591116796;S
20240213;100924;162.600000000;10;9591116797;S
20240213;100924;162.600000000;80;9591116818;S
20240213;100924;162.600000000;20;9591116819;S
20240213;100927;162.610000000;50;9591117089;B
20240213;100930;162.610000000;20;9591117453;B
20240213;100930;162.610000000;280;9591117495;B
20240213;100930;162.610000000;120;9591117496;B
20240213;100933;162.610000000;880;9591117817;B
20240213;100933;162.610000000;200;9591117818;B
20240213;100933;162.610000000;800;9591117819;B
20240213;100933;162.610000000;300;9591117820;B
20240213;100933;162.610000000;320;9591117821;B
20240213;100935;162.610000000;10;9591118075;B
20240213;100935;162.610000000;10;9591118080;B
20240213;100936;162.610000000;200;9591118192;B
20240213;100938;162.610000000;10;9591118300;B
20240213;100939;162.600000000;10;9591118453;S
20240213;100939;162.600000000;90;9591118454;S
20240213;100939;162.610000000;20;9591118573;B
20240213;100941;162.600000000;30;9591118681;S
20240213;100941;162.600000000;10;9591118697;S
20240213;100941;162.600000000;10;9591118698;S
20240213;100941;162.600000000;30;9591118699;S
20240213;100941;162.600000000;60;9591118756;B
20240213;100943;162.590000000;10;9591118861;S
20240213;100943;162.580000000;10;9591118862;S
20240213;100944;162.600000000;20;9591118974;B
20240213;100944;162.600000000;80;9591118975;B
20240213;100946;162.600000000;30;9591119340;B
20240213;100946;162.600000000;90;9591119427;B
20240213;100947;162.600000000;600;9591119481;B
20240213;100947;162.600000000;800;9591119483;B
20240213;100947;162.610000000;430;9591119555;B
20240213;100947;162.610000000;990;9591119556;B
20240213;100947;162.610000000;10;9591119557;B
20240213;100947;162.610000000;20;9591119590;B
20240213;100949;162.600000000;10;9591119824;S
20240213;100949;162.610000000;30;9591119825;B
20240213;100949;162.610000000;10;9591119834;B
20240213;100951;162.610000000;270;9591120024;B
20240213;100951;162.610000000;40;9591120028;B
20240213;100951;162.610000000;10;9591120056;B
20240213;100952;162.610000000;10;9591120177;B
20240213;100953;162.610000000;80;9591120235;B
20240213;100954;162.610000000;4530;9591120507;B
20240213;100956;162.650000000;10;9591120781;B
20240213;100957;162.640000000;10;9591120861;S
20240213;100958;162.650000000;300;9591121141;B
20240213;100958;162.650000000;80;9591121142;B
20240213;100958;162.670000000;2060;9591121143;B
20240213;100958;162.680000000;350;9591121144;B
20240213;100958;162.690000000;500;9591121145;B
20240213;100958;162.700000000;500;9591121146;B
20240213;100958;162.700000000;270;9591121147;B
20240213;100958;162.700000000;3700;9591121148;B
20240213;100958;162.710000000;500;9591121149;B
20240213;100958;162.710000000;1740;9591121150;B
20240213;100958;162.700000000;600;9591121152;B
20240213;100959;162.710000000;300;9591121275;S
20240213;100959;162.710000000;1000;9591121276;S
20240213;100959;162.710000000;1000;9591121277;S
20240213;100959;162.710000000;200;9591121278;S
20240213;101001;162.710000000;100;9591121639;B
20240213;101002;162.700000000;180;9591121787;S
20240213;101003;162.700000000;820;9591121915;S
20240213;101003;162.680000000;1000;9591121916;S
20240213;101003;162.680000000;350;9591121917;S
20240213;101004;162.680000000;100;9591122107;B
20240213;101006;162.700000000;10;9591122308;B
20240213;101006;162.670000000;10;9591122360;S
20240213;101011;162.680000000;140;9591122908;S
20240213;101012;162.690000000;320;9591123042;B
20240213;101013;162.690000000;20;9591123240;B
20240213;101015;162.680000000;20;9591123586;S
20240213;101016;162.690000000;800;9591123599;B
20240213;101016;162.700000000;800;9591123600;B
20240213;101016;162.710000000;5050;9591123601;B
20240213;101016;162.710000000;1000;9591123602;B
20240213;101016;162.710000000;32350;9591123603;B
20240213;101016;162.700000000;80;9591123670;B
20240213;101018;162.700000000;100;9591123915;B
20240213;101018;162.700000000;500;9591123978;B
20240213;101019;162.700000000;50;9591124023;B
20240213;101023;162.700000000;10;9591124606;B
20240213;101023;162.700000000;10;9591124625;B
20240213;101025;162.700000000;120;9591124825;B
20240213;101025;162.700000000;10;9591124848;B
20240213;101032;162.710000000;10;9591125799;B
20240213;101033;162.700000000;60;9591125935;S
20240213;101033;162.700000000;20;9591125972;S
20240213;101034;162.710000000;400;9591126001;B
20240213;101036;162.700000000;410;9591126319;S
20240213;101036;162.700000000;190;9591126320;S
20240213;101038;162.700000000;20;9591126508;S
20240213;101039;162.710000000;10;9591126671;B
20240213;101040;162.700000000;200;9591126828;S
20240213;101044;162.700000000;100;9591127362;S
20240213;101044;162.700000000;10;9591127363;S
20240213;101044;162.700000000;10;9591127364;S
20240213;101044;162.690000000;100;9591127365;S
20240213;101044;162.690000000;70;9591127366;S
20240213;101044;162.680000000;10;9591127367;S
20240213;101044;162.670000000;100;9591127368;S
20240213;101044;162.670000000;350;9591127369;S
20240213;101044;162.660000000;250;9591127370;S
20240213;101046;162.680000000;10;9591127701;B
20240213;101051;162.680000000;100;9591128339;B
20240213;101052;162.680000000;10;9591128397;B
20240213;101055;162.670000000;500;9591128877;B
20240213;101056;162.660000000;30;9591129100;S
20240213;101059;162.670000000;10;9591129427;B
20240213;101101;162.670000000;10;9591129618;B
20240213;101102;162.670000000;10;9591129681;B
20240213;101103;162.670000000;470;9591129800;B
20240213;101103;162.670000000;130;9591129801;B
20240213;101104;162.670000000;40;9591129896;B
20240213;101104;162.670000000;20;9591129913;B
20240213;101105;162.670000000;10;9591130007;B
20240213;101105;162.670000000;100;9591130010;B
20240213;101105;162.670000000;110;9591130011;B
20240213;101106;162.670000000;500;9591130133;B
20240213;101107;162.660000000;10;9591130238;S
20240213;101107;162.670000000;20;9591130309;B
20240213;101112;162.670000000;370;9591130857;B
20240213;101112;162.670000000;130;9591130858;B
20240213;101117;162.660000000;60;9591131433;S
20240213;101117;162.660000000;420;9591131434;S
20240213;101117;162.660000000;20;9591131435;S
20240213;101117;162.660000000;500;9591131436;S
20240213;101117;162.660000000;510;9591131437;S
20240213;101118;162.670000000;100;9591131545;B
20240213;101119;162.670000000;450;9591131608;B
20240213;101120;162.670000000;20;9591131724;B
20240213;101120;162.670000000;80;9591131760;B
20240213;101120;162.670000000;200;9591131806;B
20240213;101120;162.660000000;60;9591131815;S
20240213;101121;162.660000000;50;9591131873;S
20240213;101121;162.670000000;10;9591131899;B
20240213;101123;162.670000000;10;9591132113;B
20240213;101123;162.670000000;90;9591132114;B
20240213;101123;162.670000000;20;9591132150;B
20240213;101123;162.670000000;370;9591132156;B
20240213;101125;162.670000000;250;9591132388;B
20240213;101126;162.660000000;300;9591132460;S
20240213;101126;162.660000000;100;9591132542;S
20240213;101127;162.670000000;10;9591132625;B
20240213;101127;162.670000000;10;9591132634;B
20240213;101129;162.660000000;10;9591132919;S
20240213;101129;162.660000000;80;9591132964;S
20240213;101129;162.650000000;1320;9591132965;S
20240213;101134;162.650000000;60;9591133745;B
20240213;101135;162.640000000;400;9591133960;S
20240213;101135;162.640000000;400;9591133961;S
20240213;101135;162.640000000;400;9591133962;S
20240213;101135;162.640000000;50;9591133963;S
20240213;101137;162.650000000;40;9591134195;B
20240213;101137;162.660000000;10;9591134196;B
20240213;101138;162.640000000;100;9591134314;S
20240213;101138;162.660000000;330;9591134317;B
20240213;101138;162.660000000;170;9591134318;B
20240213;101144;162.660000000;10;9591134992;B
20240213;101146;162.640000000;140;9591135266;S
20240213;101149;162.660000000;10;9591135640;B
20240213;101150;162.650000000;10;9591135706;B
20240213;101151;162.640000000;10;9591135775;S
20240213;101151;162.640000000;30;9591135776;S
20240213;101151;162.650000000;60;9591135851;B
20240213;101153;162.640000000;70;9591136037;S
20240213;101153;162.640000000;400;9591136038;S
20240213;101153;162.640000000;400;9591136039;S
20240213;101153;162.640000000;300;9591136040;S
20240213;101153;162.640000000;100;9591136041;S
20240213;101153;162.640000000;340;9591136042;S
20240213;101153;162.640000000;500;9591136125;B
20240213;101157;162.640000000;100;9591136594;B
20240213;101201;162.640000000;10;9591137074;B
20240213;101204;162.630000000;560;9591137356;S
20240213;101204;162.630000000;500;9591137380;B
20240213;101205;162.630000000;40;9591137492;B
20240213;101207;162.620000000;50;9591137874;S
20240213;101211;162.630000000;10;9591138403;B
20240213;101214;162.630000000;10;9591138760;B
20240213;101215;162.630000000;20;9591138935;B
20240213;101215;162.630000000;610;9591138948;B
20240213;101215;162.620000000;10;9591138972;S
20240213;101217;162.630000000;500;9591139298;B
20240213;101218;162.630000000;10;9591139397;B
20240213;101219;162.620000000;70;9591139489;S
20240213;101220;162.630000000;50;9591139667;B
20240213;101223;162.630000000;1000;9591140094;B
20240213;101224;162.620000000;200;9591140268;S
20240213;101226;162.630000000;500;9591140462;B
20240213;101227;162.630000000;30;9591140496;B
20240213;101228;162.630000000;10;9591140612;B
20240213;101228;162.630000000;30;9591140723;B
20240213;101232;162.620000000;50;9591141282;S
20240213;101233;162.620000000;90;9591141305;S
20240213;101233;162.620000000;500;9591141306;S
20240213;101233;162.620000000;10;9591141307;S
20240213;101233;162.620000000;30;9591141308;S
20240213;101233;162.620000000;10;9591141337;B
20240213;101233;162.610000000;90;9591141356;S
20240213;101233;162.610000000;10;9591141357;S
20240213;101233;162.600000000;100;9591141358;S
20240213;101233;162.600000000;60;9591141359;S
20240213;101233;162.600000000;40;9591141360;S
20240213;101233;162.610000000;300;9591141392;B
20240213;101233;162.610000000;1000;9591141393;B
20240213;101233;162.610000000;1000;9591141394;B
20240213;101233;162.610000000;800;9591141395;B
20240213;101233;162.610000000;600;9591141396;B
20240213;101233;162.620000000;1300;9591141397;B
20240213;101234;162.610000000;30;9591141448;B
20240213;101235;162.610000000;10;9591141526;B
20240213;101237;162.620000000;20;9591141781;B
20240213;101239;162.620000000;10;9591141986;B
20240213;101240;162.600000000;20;9591142009;S
20240213;101240;162.600000000;20;9591142010;S
20240213;101240;162.600000000;10;9591142011;S
20240213;101240;162.600000000;50;9591142012;S
20240213;101240;162.600000000;10;9591142013;S
20240213;101240;162.600000000;10;9591142014;S
20240213;101240;162.600000000;300;9591142015;S
20240213;101240;162.600000000;10;9591142016;S
20240213;101240;162.600000000;10;9591142017;S
20240213;101240;162.580000000;20;9591142018;S
20240213;101240;162.580000000;30;9591142019;S
20240213;101240;162.580000000;90;9591142025;S
20240213;101240;162.580000000;10;9591142026;S
20240213;101241;162.600000000;500;9591142273;B
20240213;101243;162.580000000;10;9591142511;S
20240213;101243;162.600000000;30;9591142543;B
20240213;101244;162.580000000;10;9591142661;S
20240213;101245;162.600000000;10;9591142712;B
20240213;101245;162.600000000;460;9591142747;B
20240213;101245;162.600000000;890;9591142748;B
20240213;101246;162.600000000;110;9591142853;B
20240213;101246;162.600000000;800;9591142854;B
20240213;101250;162.620000000;300;9591143176;B
20240213;101251;162.610000000;50;9591143275;B
20240213;101252;162.610000000;190;9591143426;B
20240213;101253;162.600000000;10;9591143515;S
20240213;101253;162.610000000;10;9591143568;B
20240213;101300;162.610000000;500;9591144337;B
20240213;101302;162.600000000;10;9591144478;S
20240213;101302;162.610000000;50;9591144485;B
20240213;101302;162.610000000;150;9591144486;B
20240213;101304;162.610000000;10;9591144686;B
20240213;101304;162.610000000;840;9591144699;B
20240213;101304;162.610000000;50;9591144700;B
20240213;101304;162.610000000;1660;9591144701;B
20240213;101310;162.610000000;50;9591145534;B
20240213;101310;162.610000000;10;9591145599;B
20240213;101312;162.610000000;50;9591145951;B
20240213;101317;162.610000000;10;9591146436;B
20240213;101318;162.610000000;40;9591146554;B
20240213;101321;162.610000000;100;9591147060;B
20240213;101322;162.610000000;20;9591147126;B
20240213;101323;162.600000000;30;9591147408;S
20240213;101327;162.600000000;40;9591147826;S
20240213;101327;162.600000000;10;9591147827;S
20240213;101327;162.600000000;500;9591147828;S
20240213;101327;162.600000000;140;9591147829;S
20240213;101327;162.600000000;10;9591147830;S
20240213;101327;162.600000000;10;9591147831;S
20240213;101327;162.600000000;60;9591147832;S
20240213;101327;162.610000000;60;9591147867;B
20240213;101327;162.610000000;130;9591147868;B
20240213;101329;162.600000000;40;9591148023;S
20240213;101329;162.600000000;10;9591148024;S
20240213;101329;162.600000000;40;9591148025;S
20240213;101329;162.600000000;180;9591148026;S
20240213;101330;162.610000000;870;9591148132;B
20240213;101330;162.610000000;1000;9591148133;B
20240213;101330;162.610000000;500;9591148134;B
20240213;101330;162.610000000;190;9591148135;B
20240213;101331;162.610000000;100;9591148324;B
20240213;101332;162.610000000;700;9591148338;B
20240213;101332;162.600000000;10;9591148346;S
20240213;101332;162.600000000;1490;9591148347;S
20240213;101332;162.600000000;1510;9591148348;S
20240213;101332;162.600000000;40;9591148349;S
20240213;101334;162.600000000;300;9591148718;B
20240213;101335;162.600000000;10;9591148736;B
20240213;101337;162.600000000;30;9591149048;B
20240213;101340;162.590000000;370;9591149421;S
20240213;101340;162.580000000;170;9591149422;S
20240213;101340;162.580000000;230;9591149423;S
20240213;101341;162.600000000;40;9591149529;B
20240213;101341;162.600000000;10;9591149598;B
20240213;101342;162.600000000;50;9591149704;B
20240213;101346;162.600000000;20;9591150244;B
20240213;101351;162.600000000;680;9591150741;B
20240213;101351;162.600000000;800;9591150742;B
20240213;101351;162.600000000;10;9591150743;B
20240213;101351;162.610000000;190;9591150793;B
20240213;101352;162.600000000;10;9591150996;S
20240213;101352;162.600000000;240;9591150997;S
20240213;101352;162.600000000;100;9591150998;S
20240213;101352;162.600000000;200;9591150999;S
20240213;101352;162.600000000;450;9591151000;S
20240213;101355;162.600000000;220;9591151369;S
20240213;101358;162.600000000;330;9591151782;S
20240213;101358;162.600000000;500;9591151783;S
20240213;101358;162.600000000;390;9591151784;S
20240213;101359;162.580000000;10;9591151863;S
20240213;101359;162.610000000;10;9591151946;B
20240213;101400;162.610000000;430;9591152069;B
20240213;101404;162.610000000;20;9591152501;B
20240213;101406;162.610000000;10;9591152712;B
20240213;101406;162.610000000;150;9591152797;B
20240213;101407;162.610000000;10;9591152897;B
20240213;101410;162.610000000;11250;9591153132;B
20240213;101410;162.620000000;780;9591153133;B
20240213;101410;162.620000000;440;9591153134;B
20240213;101410;162.630000000;13120;9591153135;B
20240213;101410;162.630000000;10;9591153136;B
20240213;101410;162.630000000;40;9591153137;B
20240213;101410;162.630000000;2500;9591153138;B
20240213;101410;162.630000000;50;9591153139;B
20240213;101410;162.640000000;780;9591153140;B
20240213;101410;162.640000000;100;9591153141;B
20240213;101410;162.640000000;300;9591153142;B
20240213;101410;162.650000000;80;9591153143;B
20240213;101410;162.650000000;550;9591153144;B
20240213;101410;162.650000000;300;9591153163;S
20240213;101410;162.650000000;440;9591153164;S
20240213;101410;162.650000000;1000;9591153165;S
20240213;101410;162.650000000;420;9591153166;S
20240213;101411;162.660000000;10;9591153263;B
20240213;101415;162.660000000;10;9591153871;B
20240213;101417;162.660000000;70;9591154089;B
20240213;101418;162.670000000;10;9591154175;S
20240213;101418;162.690000000;10;9591154177;B
20240213;101419;162.690000000;260;9591154284;B
20240213;101420;162.690000000;10;9591154445;B
20240213;101422;162.660000000;100;9591154578;S
20240213;101422;162.680000000;10;9591154686;B
20240213;101424;162.680000000;50;9591154976;B
20240213;101428;162.680000000;20;9591155446;B
20240213;101429;162.680000000;60;9591155625;B
20240213;101432;162.680000000;160;9591155828;B
20240213;101432;162.680000000;420;9591155829;B
20240213;101432;162.680000000;120;9591155830;B
20240213;101432;162.680000000;10;9591155866;B
20240213;101437;162.680000000;30;9591156581;B
20240213;101438;162.680000000;630;9591156597;B
20240213;101438;162.680000000;300;9591156598;B
20240213;101440;162.680000000;10;9591156880;B
20240213;101441;162.680000000;10;9591156997;B
20240213;101444;162.670000000;50;9591157262;S
20240213;101445;162.680000000;10;9591157365;B
20240213;101447;162.680000000;50;9591157597;B
20240213;101453;162.680000000;20;9591158333;B
20240213;101456;162.670000000;10;9591158654;S
20240213;101457;162.680000000;10;9591158724;B
20240213;101457;162.670000000;60;9591158781;S
20240213;101500;162.670000000;10;9591159060;S
20240213;101501;162.670000000;400;9591159175;S
20240213;101501;162.670000000;10;9591159176;S
20240213;101502;162.670000000;50;9591159384;B
20240213;101502;162.670000000;800;9591159584;B
20240213;101502;162.670000000;200;9591159585;B
20240213;101502;162.670000000;10;9591159594;B
20240213;101503;162.670000000;50;9591159676;B
20240213;101506;162.670000000;20;9591160223;B
20240213;101514;162.670000000;70;9591161956;B
20240213;101515;162.670000000;150;9591162264;B
20240213;101516;162.670000000;700;9591162287;B
20240213;101516;162.670000000;300;9591162288;B
20240213;101518;162.660000000;40;9591162737;S
20240213;101519;162.670000000;70;9591162781;B
20240213;101523;162.670000000;10;9591163403;B
20240213;101525;162.670000000;10;9591163646;B
20240213;101525;162.670000000;610;9591163698;B
20240213;101525;162.670000000;390;9591163699;B
20240213;101525;162.670000000;10;9591163749;B
20240213;101526;162.670000000;20;9591163757;B
20240213;101530;162.670000000;50;9591164502;B
20240213;101532;162.670000000;40;9591164846;B
20240213;101534;162.670000000;10;9591165078;B
20240213;101536;162.670000000;20;9591165376;B
20240213;101538;162.660000000;260;9591165793;S
20240213;101538;162.660000000;20;9591165794;S
20240213;101538;162.660000000;250;9591165795;S
20240213;101538;162.660000000;90;9591165796;S
20240213;101538;162.660000000;680;9591165797;S
20240213;101538;162.660000000;500;9591165826;S
20240213;101543;162.670000000;1150;9591166477;B
20240213;101543;162.670000000;300;9591166478;B
20240213;101543;162.670000000;50;9591166479;B
20240213;101543;162.670000000;10;9591166578;B
20240213;101544;162.670000000;10;9591166620;B
20240213;101546;162.670000000;30;9591166917;B
20240213;101546;162.670000000;100;9591166996;B
20240213;101547;162.670000000;100;9591167122;B
20240213;101548;162.660000000;10;9591167314;S
20240213;101548;162.670000000;10;9591167351;B
20240213;101555;162.670000000;990;9591168354;B
20240213;101555;162.670000000;1000;9591168355;B
20240213;101555;162.670000000;10;9591168429;B
20240213;101558;162.670000000;10;9591168861;B
20240213;101605;162.660000000;60;9591169995;S
20240213;101606;162.660000000;720;9591170088;S
20240213;101606;162.660000000;10;9591170089;S
20240213;101606;162.660000000;10;9591170090;S
20240213;101606;162.660000000;20;9591170091;S
20240213;101606;162.660000000;410;9591170092;S
20240213;101606;162.660000000;10;9591170134;B
20240213;101609;162.660000000;820;9591170465;B
20240213;101609;162.660000000;410;9591170466;B
20240213;101609;162.660000000;660;9591170467;B
20240213;101609;162.660000000;1110;9591170468;B
20240213;101609;162.660000000;10;9591170522;B
20240213;101611;162.660000000;10;9591170819;B
20240213;101611;162.660000000;90;9591170906;B
20240213;101614;162.660000000;10;9591171181;B
20240213;101617;162.660000000;100;9591171753;B
20240213;101618;162.650000000;10;9591171914;S
20240213;101618;162.650000000;10;9591171915;S
20240213;101618;162.650000000;30;9591171916;S
20240213;101618;162.640000000;10;9591171917;S
20240213;101618;162.630000000;10;9591171918;S
20240213;101620;162.650000000;20;9591172113;B
20240213;101620;162.630000000;10;9591172197;S
20240213;101622;162.650000000;390;9591172441;B
20240213;101622;162.650000000;610;9591172442;B
20240213;101628;162.630000000;190;9591173209;S
20240213;101628;162.620000000;10;9591173291;S
20240213;101628;162.620000000;10;9591173292;S
20240213;101630;162.660000000;1000;9591173629;B
20240213;101632;162.660000000;10;9591173921;B
20240213;101635;162.660000000;200;9591174232;B
20240213;101635;162.660000000;10;9591174299;B
20240213;101635;162.660000000;50;9591174310;B
20240213;101637;162.660000000;170;9591174661;B
20240213;101638;162.660000000;500;9591174941;B
20240213;101639;162.650000000;350;9591174986;S
20240213;101640;162.650000000;20;9591175128;S
20240213;101640;162.650000000;10;9591175152;S
20240213;101645;162.650000000;10;9591175824;S
20240213;101646;162.650000000;20;9591175928;S
20240213;101647;162.660000000;10;9591176007;B
20240213;101648;162.660000000;30;9591176242;B
20240213;101648;162.650000000;10;9591176357;S
20240213;101649;162.660000000;100;9591176567;B
20240213;101651;162.660000000;10;9591176939;B
20240213;101653;162.650000000;180;9591177163;S
20240213;101653;162.650000000;50;9591177164;S
20240213;101653;162.660000000;10;9591177195;B
20240213;101653;162.650000000;950;9591177229;S
20240213;101653;162.650000000;300;9591177230;S
20240213;101653;162.630000000;1000;9591177231;S
20240213;101653;162.630000000;440;9591177232;S
20240213;101653;162.620000000;30;9591177233;S
20240213;101653;162.620000000;630;9591177234;S
20240213;101653;162.620000000;100;9591177235;S
20240213;101653;162.610000000;1000;9591177236;S
20240213;101653;162.610000000;900;9591177237;S
20240213;101655;162.660000000;10;9591177440;B
20240213;101657;162.660000000;20;9591177866;B
20240213;101659;162.650000000;10;9591178229;S
20240213;101701;162.660000000;40;9591178555;B
20240213;101706;162.660000000;200;9591179165;B
20240213;101707;162.660000000;60;9591179297;B
20240213;101707;162.660000000;10;9591179322;B
20240213;101707;162.660000000;190;9591179323;B
20240213;101708;162.660000000;20;9591179462;B
20240213;101709;162.650000000;990;9591179524;S
20240213;101709;162.650000000;80;9591179525;S
20240213;101709;162.620000000;1000;9591179526;S
20240213;101709;162.610000000;1850;9591179527;S
20240213;101709;162.610000000;1430;9591179528;S
20240213;101711;162.650000000;70;9591179824;B
20240213;101712;162.650000000;10;9591179974;B
20240213;101712;162.640000000;60;9591179981;S
20240213;101717;162.640000000;20;9591180645;S
20240213;101718;162.640000000;920;9591180790;S
20240213;101718;162.630000000;200;9591180791;S
20240213;101718;162.620000000;1000;9591180792;S
20240213;101718;162.620000000;1000;9591180793;S
20240213;101718;162.610000000;10;9591180794;S
20240213;101718;162.610000000;300;9591180795;S
20240213;101718;162.610000000;1220;9591180796;S
20240213;101719;162.620000000;130;9591180869;S
20240213;101721;162.640000000;10;9591181237;S
20240213;101724;162.650000000;10;9591181534;B
20240213;101732;162.620000000;30;9591182566;S
20240213;101732;162.650000000;10;9591182582;B
20240213;101739;162.640000000;10;9591183457;B
20240213;101741;162.620000000;30;9591183653;S
20240213;101743;162.640000000;1000;9591183844;B
20240213;101744;162.640000000;500;9591183963;B
20240213;101750;162.620000000;220;9591184732;S
20240213;101753;162.640000000;100;9591185226;B
20240213;101753;162.640000000;390;9591185270;B
20240213;101753;162.650000000;2290;9591185271;B
20240213;101753;162.650000000;10;9591185272;B
20240213;101753;162.650000000;100;9591185273;B
20240213;101753;162.650000000;580;9591185274;B
20240213;101753;162.650000000;130;9591185275;B
20240213;101755;162.660000000;10;9591185467;B
20240213;101758;162.660000000;100;9591186083;B
20240213;101802;162.650000000;10;9591186720;S
20240213;101802;162.650000000;10;9591186733;S
20240213;101802;162.660000000;10;9591186764;B
20240213;101804;162.660000000;10;9591187143;B
20240213;101804;162.650000000;30;9591187179;S
20240213;101805;162.660000000;10;9591187286;B
20240213;101805;162.660000000;470;9591187311;B
20240213;101805;162.660000000;10;9591187312;B
20240213;101806;162.660000000;500;9591187450;B
20240213;101807;162.660000000;10;9591187728;B
20240213;101808;162.660000000;100;9591187908;B
20240213;101808;162.660000000;10;9591187923;B
20240213;101808;162.660000000;370;9591187964;B
20240213;101808;162.660000000;1130;9591187965;B
20240213;101809;162.650000000;100;9591188064;S
20240213;101810;162.660000000;30;9591188330;B
20240213;101810;162.660000000;10;9591188339;B
20240213;101811;162.660000000;10;9591188400;B
20240213;101811;162.660000000;200;9591188482;B
20240213;101811;162.660000000;1000;9591188483;B
20240213;101811;162.660000000;340;9591188484;B
20240213;101813;162.660000000;100;9591188775;B
20240213;101814;162.650000000;260;9591188959;S
20240213;101821;162.650000000;590;9591189841;S
20240213;101821;162.650000000;1000;9591189842;S
20240213;101821;162.650000000;20;9591189843;S
20240213;101821;162.640000000;390;9591189844;S
20240213;101823;162.660000000;10;9591190256;B
20240213;101825;162.660000000;50;9591190609;B
20240213;101829;162.660000000;10;9591191034;B
20240213;101832;162.650000000;1450;9591191322;S
20240213;101832;162.650000000;1000;9591191323;S
20240213;101832;162.650000000;50;9591191324;S
20240213;101832;162.650000000;360;9591191325;S
20240213;101832;162.640000000;610;9591191326;S
20240213;101832;162.640000000;30;9591191327;S
20240213;101832;162.640000000;500;9591191328;S
20240213;101832;162.630000000;20;9591191329;S
20240213;101832;162.620000000;20;9591191330;S
20240213;101832;162.620000000;1000;9591191331;S
20240213;101832;162.620000000;250;9591191332;S
20240213;101832;162.610000000;300;9591191333;S
20240213;101832;162.600000000;50;9591191334;S
20240213;101832;162.600000000;5000;9591191335;S
20240213;101832;162.600000000;1000;9591191336;S
20240213;101832;162.600000000;80;9591191337;S
20240213;101832;162.600000000;100;9591191338;S
20240213;101832;162.600000000;10;9591191339;S
20240213;101832;162.600000000;10;9591191340;S
20240213;101832;162.600000000;10;9591191341;S
20240213;101832;162.600000000;1840;9591191342;S
20240213;101832;162.600000000;100;9591191343;S
20240213;101832;162.600000000;300;9591191344;S
20240213;101832;162.600000000;10;9591191345;S
20240213;101832;162.600000000;10;9591191346;S
20240213;101832;162.600000000;20;9591191347;S
20240213;101832;162.600000000;20;9591191348;S
20240213;101832;162.600000000;30;9591191349;S
20240213;101832;162.590000000;10;9591191350;S
20240213;101832;162.590000000;10;9591191351;S
20240213;101832;162.580000000;30;9591191352;S
20240213;101832;162.580000000;20;9591191353;S
20240213;101832;162.580000000;70;9591191354;S
20240213;101832;162.580000000;50;9591191355;S
20240213;101832;162.580000000;10;9591191356;S
20240213;101832;162.580000000;10;9591191357;S
20240213;101832;162.580000000;70;9591191358;S
20240213;101832;162.580000000;10;9591191359;S
20240213;101832;162.580000000;10;9591191360;S
20240213;101832;162.580000000;10;9591191361;S
20240213;101832;162.570000000;10;9591191362;S
20240213;101832;162.570000000;100;9591191363;S
20240213;101832;162.570000000;100;9591191364;S
20240213;101832;162.570000000;220;9591191365;S
20240213;101832;162.570000000;10;9591191366;S
20240213;101832;162.570000000;2000;9591191367;S
20240213;101832;162.570000000;220;9591191368;S
20240213;101832;162.560000000;10;9591191369;S
20240213;101832;162.560000000;150;9591191370;S
20240213;101832;162.560000000;20;9591191371;S
20240213;101832;162.560000000;10;9591191372;S
20240213;101832;162.560000000;220;9591191373;S
20240213;101832;162.560000000;10;9591191374;S
20240213;101832;162.560000000;20;9591191375;S
20240213;101832;162.560000000;5000;9591191376;S
20240213;101832;162.550000000;220;9591191377;S
20240213;101832;162.550000000;10;9591191378;S
20240213;101832;162.550000000;50;9591191379;S
20240213;101832;162.550000000;10;9591191380;S
20240213;101832;162.550000000;10;9591191381;S
20240213;101832;162.550000000;140;9591191382;S
20240213;101832;162.550000000;50;9591191383;S
20240213;101832;162.550000000;10;9591191384;S
20240213;101832;162.550000000;100;9591191385;S
20240213;101832;162.550000000;30;9591191386;S
20240213;101832;162.550000000;10;9591191387;S
20240213;101832;162.550000000;1000;9591191388;S
20240213;101832;162.550000000;10;9591191389;S
20240213;101832;162.550000000;10;9591191390;S
20240213;101832;162.550000000;890;9591191391;S
20240213;101832;162.550000000;60;9591191392;S
20240213;101832;162.550000000;1850;9591191393;S
20240213;101832;162.550000000;3700;9591191394;S
20240213;101832;162.540000000;300;9591191395;S
20240213;101832;162.540000000;10;9591191396;S
20240213;101832;162.540000000;10;9591191397;S
20240213;101832;162.540000000;220;9591191398;S
20240213;101832;162.540000000;10;9591191399;S
20240213;101832;162.540000000;10;9591191400;S
20240213;101832;162.540000000;290;9591191401;S
20240213;101834;162.590000000;10;9591191673;B
20240213;101834;162.590000000;10;9591191775;B
20240213;101835;162.600000000;890;9591191813;B
20240213;101835;162.600000000;110;9591191814;B
20240213;101835;162.600000000;110;9591191847;B
20240213;101835;162.600000000;10;9591191859;B
20240213;101838;162.600000000;100;9591192256;B
20240213;101844;162.590000000;120;9591193221;B
20240213;101844;162.600000000;150;9591193227;B
20240213;101845;162.590000000;20;9591193441;B
20240213;101847;162.590000000;80;9591193733;B
20240213;101848;162.590000000;100;9591193797;B
20240213;101853;162.590000000;380;9591194730;B
20240213;101853;162.600000000;450;9591194731;B
20240213;101855;162.600000000;100;9591195192;B
20240213;101857;162.600000000;100;9591195512;B
20240213;101857;162.600000000;10;9591195553;B
20240213;101858;162.590000000;10;9591195596;S
20240213;101858;162.590000000;390;9591195597;S
20240213;101900;162.600000000;200;9591195933;B
20240213;101900;162.600000000;300;9591195934;B
20240213;101901;162.630000000;1000;9591196135;S
20240213;101901;162.620000000;330;9591196136;S
20240213;101901;162.620000000;1000;9591196137;S
20240213;101901;162.610000000;390;9591196138;S
20240213;101901;162.610000000;1850;9591196139;S
20240213;101901;162.600000000;1000;9591196140;S
20240213;101901;162.600000000;10;9591196160;B
20240213;101903;162.590000000;30;9591196654;S
20240213;101907;162.600000000;10;9591197376;B
20240213;101908;162.600000000;10;9591197529;B
20240213;101908;162.590000000;50;9591197693;S
20240213;101912;162.600000000;20;9591198496;B
20240213;101917;162.590000000;1420;9591199382;S
20240213;101917;162.590000000;1000;9591199383;S
20240213;101917;162.590000000;70;9591199384;S
20240213;101917;162.580000000;300;9591199385;S
20240213;101917;162.570000000;70;9591199386;S
20240213;101917;162.570000000;2240;9591199387;S
20240213;101917;162.570000000;2150;9591199388;S
20240213;101917;162.560000000;2000;9591199389;S
20240213;101917;162.550000000;50;9591199390;S
20240213;101917;162.550000000;600;9591199391;S
20240213;101917;162.550000000;10;9591199392;S
20240213;101917;162.540000000;50;9591199393;S
20240213;101917;162.540000000;220;9591199394;S
20240213;101917;162.540000000;500;9591199395;S
20240213;101917;162.540000000;1850;9591199396;S
20240213;101917;162.530000000;10;9591199397;S
20240213;101917;162.530000000;250;9591199398;S
20240213;101917;162.530000000;20;9591199399;S
20240213;101917;162.530000000;500;9591199400;S
20240213;101917;162.530000000;20;9591199401;S
20240213;101917;162.530000000;20;9591199402;S
20240213;101917;162.530000000;220;9591199403;S
20240213;101917;162.530000000;10;9591199404;S
20240213;101917;162.530000000;10;9591199405;S
20240213;101917;162.530000000;100;9591199406;S
20240213;101917;162.530000000;80;9591199407;S
20240213;101917;162.530000000;10;9591199408;S
20240213;101917;162.530000000;500;9591199409;S
20240213;101917;162.530000000;110;9591199410;S
20240213;101917;162.530000000;5000;9591199411;S
20240213;101917;162.520000000;10;9591199412;S
20240213;101917;162.520000000;20;9591199413;S
20240213;101917;162.520000000;10;9591199414;S
20240213;101917;162.520000000;20;9591199415;S
20240213;101917;162.520000000;30;9591199416;S
20240213;101917;162.520000000;220;9591199417;S
20240213;101917;162.520000000;100;9591199418;S
20240213;101917;162.520000000;10;9591199419;S
20240213;101917;162.520000000;10;9591199420;S
20240213;101917;162.520000000;2500;9591199421;S
20240213;101917;162.520000000;10;9591199422;S
20240213;101917;162.520000000;740;9591199423;S
20240213;101917;162.520000000;1000;9591199424;S
20240213;101917;162.520000000;150;9591199425;S
20240213;101917;162.520000000;100;9591199426;S
20240213;101917;162.520000000;2000;9591199427;S
20240213;101917;162.520000000;690;9591199428;S
20240213;101917;162.520000000;20;9591199429;S
20240213;101917;162.520000000;2000;9591199430;S
20240213;101917;162.520000000;500;9591199431;S
20240213;101917;162.520000000;1000;9591199432;S
20240213;101917;162.510000000;300;9591199433;S
20240213;101917;162.510000000;3700;9591199434;S
20240213;101917;162.510000000;10;9591199435;S
20240213;101917;162.510000000;50;9591199436;S
20240213;101917;162.510000000;200;9591199437;S
20240213;101917;162.510000000;20;9591199438;S
20240213;101917;162.510000000;50;9591199439;S
20240213;101917;162.510000000;10;9591199440;S
20240213;101917;162.510000000;200;9591199441;S
20240213;101917;162.510000000;5000;9591199442;S
20240213;101917;162.510000000;220;9591199443;S
20240213;101917;162.510000000;1000;9591199444;S
20240213;101917;162.510000000;150;9591199445;S
20240213;101917;162.510000000;230;9591199446;S
20240213;101917;162.510000000;20;9591199447;S
20240213;101917;162.510000000;100;9591199448;S
20240213;101917;162.510000000;10;9591199449;S
20240213;101917;162.510000000;1000;9591199450;S
20240213;101917;162.510000000;40;9591199451;S
20240213;101917;162.510000000;1000;9591199452;S
20240213;101917;162.510000000;10;9591199453;S
20240213;101917;162.510000000;10;9591199454;S
20240213;101917;162.510000000;10;9591199455;S
20240213;101917;162.510000000;10;9591199456;S
20240213;101917;162.510000000;230;9591199457;S
20240213;101917;162.510000000;10;9591199458;S
20240213;101917;162.510000000;150;9591199459;S
20240213;101917;162.510000000;2000;9591199460;S
20240213;101917;162.510000000;500;9591199461;S
20240213;101917;162.510000000;100;9591199462;S
20240213;101917;162.510000000;1000;9591199463;S
20240213;101917;162.510000000;16000;9591199464;S
20240213;101917;162.510000000;40;9591199465;S
20240213;101917;162.500000000;6490;9591199466;S
20240213;101918;162.550000000;100;9591199492;S
20240213;101918;162.570000000;50;9591199493;B
20240213;101918;162.580000000;50;9591199494;B
20240213;101918;162.580000000;50;9591199495;B
20240213;101918;162.580000000;50;9591199496;B
20240213;101918;162.550000000;900;9591199637;S
20240213;101918;162.530000000;220;9591199638;S
20240213;101918;162.530000000;1000;9591199639;S
20240213;101918;162.520000000;220;9591199640;S
20240213;101918;162.520000000;1850;9591199641;S
20240213;101918;162.510000000;110;9591199642;S
20240213;101918;162.510000000;220;9591199643;S
