<DATE>;<TIME>;<LAST>;<VOL>;<ID>;<OPER>
20240429;095958;164.1;800;10234282834;S
20240429;095958;164.1;10;10234282835;S
20240429;095958;164.1;10;10234282836;S
20240429;095958;164.1;10;10234282837;S
20240429;095958;164.1;10;10234282838;S
20240429;095958;164.1;10;10234282839;S
20240429;095958;164.1;20;10234282840;S
20240429;095958;164.1;30;10234282841;S
20240429;095958;164.1;10;10234282842;S
20240429;095958;164.1;20;10234282843;S
20240429;095958;164.1;70;10234282844;S
20240429;095958;164.1;70;10234282845;B
20240429;095958;164.1;10;10234282846;B
20240429;095958;164.1;10;10234282847;B
20240429;095958;164.1;10;10234282848;B
20240429;095958;164.1;200;10234282849;B
20240429;095958;164.1;60;10234282850;B
20240429;095958;164.1;10;10234282851;B
20240429;095958;164.1;50;10234282852;S
20240429;095958;164.1;10;10234282853;B
20240429;095958;164.1;20;10234282854;B
20240429;095958;164.1;110;10234282855;S
20240429;095958;164.1;10;10234282856;S
20240429;095958;164.1;1690;10234282857;S
20240429;095958;164.1;1810;10234282858;S
20240429;095958;164.1;1500;10234282859;S
20240429;095958;164.1;10;10234282860;S
20240429;095958;164.1;10;10234282861;S
20240429;095958;164.1;20;10234282862;S
20240429;095958;164.1;10;10234282863;S
20240429;095958;164.1;10;10234282864;S
20240429;095958;164.1;20;10234282865;S
20240429;095958;164.1;10;10234282866;S
20240429;095958;164.1;10;10234282867;S
20240429;095958;164.1;10;10234282868;S
20240429;095958;164.1;50;10234282869;S
20240429;095958;164.1;10;10234282870;S
20240429;095958;164.1;10;10234282871;S
20240429;095958;164.1;10;10234282872;S
20240429;095958;164.1;30;10234282873;S
20240429;095958;164.1;10;10234282874;S
20240429;095958;164.1;10;10234282875;S
20240429;095958;164.1;10;10234282876;S
20240429;095958;164.1;10;10234282877;S
20240429;095958;164.1;10;10234282878;S
20240429;095958;164.1;10;10234282879;S
20240429;095958;164.1;30;10234282880;S
20240429;095958;164.1;70;10234282881;S
20240429;095958;164.1;1740;10234282882;S
20240429;095958;164.1;1810;10234282883;S
20240429;095958;164.1;1450;10234282884;S
20240429;095958;164.1;360;10234282885;S
20240429;095958;164.1;1810;10234282886;S
20240429;095958;164.1;1810;10234282887;S
20240429;095958;164.1;670;10234282888;S
20240429;095958;164.1;50;10234282889;S
20240429;095958;164.1;80;10234282890;S
20240429;095958;164.1;10;10234282891;S
20240429;095958;164.1;20;10234282892;S
20240429;095958;164.1;30;10234282893;S
20240429;095958;164.1;10;10234282894;S
20240429;095958;164.1;20;10234282895;S
20240429;095958;164.1;30;10234282896;S
20240429;095958;164.1;10;10234282897;S
20240429;095958;164.1;880;10234282898;S
20240429;095958;164.1;10;10234282899;B
20240429;095958;164.1;120;10234282900;B
20240429;095958;164.1;70;10234282901;B
20240429;095958;164.1;20;10234282902;B
20240429;095958;164.1;30;10234282903;S
20240429;095958;164.1;500;10234282904;B
20240429;095958;164.1;10;10234282905;S
20240429;095958;164.1;200;10234282906;B
20240429;095958;164.1;10;10234282907;B
20240429;095958;164.1;100;10234282908;B
20240429;095958;164.1;250;10234282909;B
20240429;095958;164.1;100;10234282910;B
20240429;095958;164.1;300;10234282911;B
20240429;095958;164.1;100;10234282912;B
20240429;095958;164.1;150;10234282913;B
20240429;095958;164.1;100;10234282914;B
20240429;095958;164.1;250;10234282915;B
20240429;095958;164.1;100;10234282916;B
20240429;095958;164.1;100;10234282917;B
20240429;095958;164.1;20;10234282918;B
20240429;095958;164.1;100;10234282919;B
20240429;095958;164.1;10;10234282920;B
20240429;095958;164.1;10;10234282921;B
20240429;095958;164.1;10;10234282922;B
20240429;095958;164.1;10;10234282923;B
20240429;095958;164.1;600;10234282924;S
20240429;095958;164.1;840;10234282925;B
20240429;095958;164.1;3160;10234282926;B
20240429;095958;164.1;400;10234282927;B
20240429;095958;164.1;250;10234282928;B
20240429;095958;164.1;160;10234282929;B
20240429;095958;164.1;1000;10234282930;B
20240429;100001;164.1;1970;10234283857;B
20240429;100001;164.1;6240;10234283873;B
20240429;100001;164.1;4270;10234283942;B
20240429;100001;164.09;10;10234284212;S
20240429;100001;164.1;20;10234284222;B
20240429;100001;164.09;10;10234284913;S
20240429;100001;164.09;100;10234284914;S
20240429;100002;164.1;420;10234285376;B
20240429;100002;164.1;590;10234285420;B
20240429;100002;164.1;590;10234285451;B
20240429;100002;164.1;80;10234285486;B
20240429;100002;164.09;20;10234285776;S
20240429;100002;164.1;1000;10234285874;B
20240429;100003;164.1;280;10234286260;B
20240429;100003;164.1;500;10234286407;B
20240429;100004;164.1;120;10234286789;B
20240429;100004;164.1;120;10234286801;B
20240429;100004;164.1;2010;10234286826;B
20240429;100004;164.1;2990;10234286842;B
20240429;100004;164.1;980;10234286872;B
20240429;100004;164.1;1070;10234286883;B
20240429;100004;164.1;3000;10234287473;B
20240429;100005;164.1;110;10234287497;B
20240429;100005;164.1;10;10234287511;B
20240429;100005;164.1;10;10234287518;B
20240429;100005;164.1;10;10234287532;B
20240429;100005;164.1;10;10234287537;B
20240429;100005;164.1;20;10234287659;B
20240429;100005;164.1;20;10234287672;B
20240429;100005;164.09;70;10234288042;S
20240429;100005;164.09;10;10234288043;S
20240429;100005;164.09;10;10234288044;S
20240429;100005;164.1;10;10234288256;B
20240429;100005;164.09;160;10234288332;S
20240429;100005;164.09;70;10234288349;S
20240429;100005;164.1;100;10234288431;B
20240429;100005;164.09;10;10234289226;S
20240429;100005;164.1;100;10234289233;B
20240429;100005;164.1;10;10234289263;B
20240429;100005;164.09;10;10234289273;S
20240429;100005;164.1;310;10234289278;B
20240429;100005;164.1;10;10234289281;B
20240429;100005;164.1;10;10234289297;B
20240429;100005;164.1;10;10234289306;B
20240429;100006;164.09;220;10234289401;S
20240429;100006;164.1;10;10234289409;B
20240429;100006;164.09;500;10234289413;S
20240429;100006;164.1;10;10234289416;B
20240429;100006;164.1;120;10234289509;B
20240429;100006;164.09;10;10234289512;S
20240429;100006;164.1;20;10234289514;B
20240429;100006;164.1;10;10234289515;B
20240429;100006;164.1;10;10234289516;B
20240429;100006;164.09;30;10234289519;S
20240429;100006;164.1;10;10234289520;B
20240429;100006;164.09;640;10234289522;S
20240429;100006;164.09;2560;10234289523;S
20240429;100006;164.1;10;10234289525;B
20240429;100006;164.1;30;10234289528;B
20240429;100006;164.09;310;10234289530;S
20240429;100006;164.09;10;10234289533;S
20240429;100006;164.1;10;10234289534;B
20240429;100006;164.1;10;10234290224;B
20240429;100006;164.09;10;10234290240;S
20240429;100006;164.1;10;10234290241;B
20240429;100006;164.09;10;10234290243;S
20240429;100006;164.1;10;10234290245;B
20240429;100006;164.1;10;10234290247;B
20240429;100006;164.1;10;10234290249;B
20240429;100006;164.1;10;10234290251;B
20240429;100006;164.1;10;10234290253;B
20240429;100006;164.1;10;10234290453;B
20240429;100006;164.09;30;10234290457;S
20240429;100006;164.1;10;10234290460;B
20240429;100006;164.1;10;10234290463;B
20240429;100006;164.1;10;10234290467;B
20240429;100006;164.09;10;10234290470;S
20240429;100006;164.09;10;10234290480;S
20240429;100006;164.1;20;10234290484;B
20240429;100006;164.1;10;10234290488;B
20240429;100006;164.1;10;10234290885;B
20240429;100006;164.1;30;10234290906;B
20240429;100006;164.1;20;10234290914;B
20240429;100006;164.1;100;10234291168;B
20240429;100006;164.1;10;10234291169;B
20240429;100006;164.1;10;10234291194;B
20240429;100006;164.1;30;10234291214;B
20240429;100006;164.1;10;10234291242;B
20240429;100006;164.09;10;10234291245;S
20240429;100006;164.09;10;10234291262;S
20240429;100006;164.1;10;10234291273;B
20240429;100006;164.1;10;10234291280;B
20240429;100006;164.1;10;10234291308;B
20240429;100006;164.09;30;10234291311;S
20240429;100006;164.09;30;10234291312;S
20240429;100006;164.1;10;10234291320;B
20240429;100006;164.1;10;10234291328;B
20240429;100006;164.1;10;10234291331;B
20240429;100006;164.1;10;10234291334;B
20240429;100006;164.09;10;10234291341;S
20240429;100006;164.1;10;10234291342;B
20240429;100006;164.09;10;10234291345;S
20240429;100006;164.1;10;10234291346;B
20240429;100006;164.09;10;10234291347;S
20240429;100006;164.1;10;10234291349;B
20240429;100006;164.1;20;10234291545;B
20240429;100006;164.1;20;10234291560;B
20240429;100007;164.09;10;10234291938;S
20240429;100007;164.1;1000;10234291955;B
20240429;100007;164.1;10;10234292300;B
20240429;100007;164.09;10;10234292307;S
20240429;100007;164.1;10;10234292319;B
20240429;100007;164.09;230;10234292332;S
20240429;100007;164.1;10;10234292345;B
20240429;100007;164.09;10;10234292351;S
20240429;100007;164.1;10;10234292356;B
20240429;100007;164.1;10;10234292360;B
20240429;100007;164.1;10;10234292488;B
20240429;100007;164.09;10;10234292491;S
20240429;100007;164.09;10;10234292493;S
20240429;100007;164.1;20;10234292495;B
20240429;100007;164.1;10;10234292496;B
20240429;100007;164.1;20;10234292499;B
20240429;100007;164.09;10;10234292501;S
20240429;100007;164.1;50;10234292505;B
20240429;100007;164.1;10;10234292507;B
20240429;100007;164.1;10;10234292508;B
20240429;100007;164.1;10;10234292721;B
20240429;100007;164.1;10;10234292736;B
20240429;100007;164.1;10;10234293069;B
20240429;100007;164.1;10;10234293076;B
20240429;100007;164.1;180;10234293085;B
20240429;100007;164.1;10;10234293097;B
20240429;100007;164.1;10;10234293110;B
20240429;100007;164.1;10;10234293124;B
20240429;100007;164.1;10;10234293133;B
20240429;100007;164.1;10;10234293139;B
20240429;100007;164.1;10;10234293148;B
20240429;100007;164.1;10;10234293156;B
20240429;100007;164.1;10;10234293369;B
20240429;100007;164.09;10;10234293371;S
20240429;100007;164.1;10;10234293372;B
20240429;100007;164.1;10;10234293375;B
20240429;100007;164.1;10;10234293376;B
20240429;100007;164.09;10;10234293381;S
20240429;100007;164.1;100;10234293384;B
20240429;100007;164.09;10;10234293386;S
20240429;100007;164.1;10;10234293577;B
20240429;100007;164.1;10;10234293581;B
20240429;100007;164.09;20;10234293588;S
20240429;100007;164.09;10;10234293593;S
20240429;100007;164.1;20;10234293602;B
20240429;100007;164.1;10;10234293742;B
20240429;100007;164.1;20;10234293743;B
20240429;100007;164.1;10;10234293744;B
20240429;100007;164.09;10;10234293745;S
20240429;100007;164.1;10;10234293746;B
20240429;100007;164.1;10;10234293747;B
20240429;100007;164.1;30;10234293748;B
20240429;100007;164.1;15000;10234294113;B
20240429;100007;164.1;10;10234294253;B
20240429;100007;164.09;10;10234294254;S
20240429;100007;164.09;10;10234294255;S
20240429;100007;164.1;10;10234294256;B
20240429;100007;164.1;20;10234294260;B
20240429;100007;164.1;30;10234294261;B
20240429;100007;164.09;80;10234294262;S
20240429;100007;164.09;20;10234294263;S
20240429;100007;164.09;10;10234294264;S
20240429;100007;164.09;10;10234294265;S
20240429;100008;164.1;10;10234294626;B
20240429;100008;164.1;10;10234294627;B
20240429;100008;164.09;10;10234294628;S
20240429;100008;164.1;10;10234294630;B
20240429;100008;164.1;10;10234294631;B
20240429;100008;164.09;800;10234294733;S
20240429;100008;164.1;100;10234295023;B
20240429;100008;164.1;60;10234295024;B
20240429;100008;164.1;10;10234295028;B
20240429;100008;164.1;20;10234295029;B
20240429;100008;164.1;10;10234295030;B
20240429;100008;164.09;10;10234295031;S
20240429;100008;164.09;40;10234295032;S
20240429;100008;164.09;10;10234295033;S
20240429;100008;164.09;20;10234295034;S
20240429;100008;164.1;10;10234295235;B
20240429;100008;164.1;8000;10234295304;B
20240429;100008;164.09;10;10234295453;S
20240429;100008;164.1;10;10234295456;B
20240429;100008;164.1;10;10234295457;B
20240429;100008;164.09;20;10234295460;S
20240429;100008;164.1;10;10234295463;B
20240429;100008;164.1;10;10234295469;B
20240429;100008;164.09;10;10234295472;S
20240429;100008;164.09;940;10234295475;S
20240429;100008;164.09;220;10234295476;S
20240429;100008;164.09;30;10234295477;S
20240429;100008;164.1;10;10234295652;B
20240429;100008;164.09;100;10234295660;S
20240429;100008;164.1;10;10234295676;B
20240429;100008;164.1;10;10234295683;B
20240429;100008;164.09;10;10234295691;S
20240429;100008;164.1;10;10234295701;B
20240429;100008;164.09;10;10234295707;S
20240429;100008;164.09;30;10234295716;S
20240429;100008;164.09;30;10234295961;S
20240429;100008;164.09;10;10234295964;S
20240429;100008;164.09;10;10234295969;S
20240429;100008;164.1;200;10234295973;B
20240429;100008;164.1;10;10234295976;B
20240429;100008;164.1;10;10234295982;B
20240429;100008;164.09;20;10234296003;S
20240429;100008;164.09;40;10234296009;S
20240429;100009;164.1;10;10234296226;B
20240429;100009;164.1;20;10234296252;B
20240429;100009;164.1;10;10234296836;B
20240429;100010;164.09;50;10234297040;S
20240429;100010;164.1;50;10234297056;B
20240429;100010;164.1;10;10234297106;B
20240429;100010;164.1;10;10234297138;B
20240429;100010;164.1;10;10234297333;B
20240429;100010;164.1;10;10234297487;B
20240429;100010;164.1;30;10234297617;B
20240429;100010;164.1;420;10234297630;B
20240429;100010;164.1;80;10234297652;B
20240429;100011;164.1;10;10234297882;B
20240429;100012;164.1;10;10234297974;B
20240429;100013;164.1;10;10234298393;B
20240429;100014;164.1;3800;10234298557;B
20240429;100015;164.1;300;10234299509;B
20240429;100017;164.1;10;10234300661;B
20240429;100017;164.1;10;10234300667;B
20240429;100018;164.1;1600;10234300795;B
20240429;100018;164.1;1000;10234300809;B
20240429;100018;164.1;10;10234300827;B
20240429;100018;164.1;10;10234300839;B
20240429;100018;164.1;20;10234300890;B
20240429;100020;164.1;570;10234301416;B
20240429;100020;164.1;570;10234301426;B
20240429;100021;164.1;100;10234301731;B
20240429;100021;164.1;10;10234301861;B
20240429;100021;164.1;10;10234301871;B
20240429;100022;164.09;30;10234302095;S
20240429;100022;164.1;20;10234302243;B
20240429;100022;164.1;20;10234302264;B
20240429;100023;164.1;280;10234302418;B
20240429;100024;164.1;10;10234302835;B
20240429;100025;164.09;300;10234302892;S
20240429;100025;164.1;110;10234302900;B
20240429;100025;164.1;130;10234302935;B
20240429;100025;164.1;40;10234302938;B
20240429;100025;164.1;20;10234302957;B
20240429;100025;164.09;100;10234303006;S
20240429;100025;164.09;200;10234303007;S
20240429;100025;164.09;800;10234303008;S
20240429;100026;164.1;10;10234303186;B
20240429;100026;164.1;10;10234303187;B
20240429;100028;164.1;310;10234303823;B
20240429;100029;164.1;20;10234304016;B
20240429;100029;164.1;20;10234304025;B
20240429;100029;164.09;10;10234304096;S
20240429;100030;164.1;240;10234304146;B
20240429;100030;164.1;240;10234304164;B
20240429;100030;164.1;740;10234304179;B
20240429;100030;164.1;740;10234304199;B
20240429;100030;164.1;20;10234304264;B
20240429;100030;164.1;120;10234304378;B
20240429;100030;164.1;120;10234304389;B
20240429;100030;164.1;120;10234304405;B
20240429;100030;164.1;120;10234304409;B
20240429;100031;164.1;20;10234304616;B
20240429;100031;164.1;20;10234304621;B
20240429;100031;164.1;730;10234304661;B
20240429;100031;164.1;1000;10234304662;B
20240429;100031;164.1;700;10234304663;B
20240429;100031;164.11;100;10234304740;S
20240429;100032;164.12;120;10234304895;B
20240429;100032;164.13;300;10234304916;S
20240429;100032;164.14;300;10234304924;S
20240429;100032;164.15;300;10234304925;S
20240429;100032;164.16;220;10234304927;S
20240429;100032;164.15;220;10234304928;S
20240429;100032;164.15;380;10234304929;B
20240429;100032;164.16;380;10234304930;B
20240429;100032;164.16;600;10234304931;S
20240429;100032;164.16;550;10234304932;S
20240429;100032;164.15;50;10234304933;S
20240429;100032;164.16;220;10234304934;S
20240429;100032;164.16;380;10234304935;B
20240429;100032;164.16;600;10234304936;S
20240429;100032;164.16;600;10234304937;S
20240429;100032;164.15;220;10234304938;S
20240429;100032;164.15;120;10234304939;S
20240429;100032;164.15;220;10234304940;B
20240429;100032;164.14;300;10234305033;B
20240429;100032;164.15;40;10234305103;B
20240429;100032;164.15;10;10234305104;B
20240429;100032;164.14;1700;10234305105;S
20240429;100032;164.14;1700;10234305106;S
20240429;100033;164.14;300;10234305107;S
20240429;100033;164.14;1400;10234305108;S
20240429;100033;164.13;10;10234305218;S
20240429;100033;164.14;300;10234305262;B
20240429;100033;164.15;500;10234305300;B
20240429;100034;164.14;10;10234305622;S
20240429;100035;164.15;10;10234305776;B
20240429;100035;164.15;80;10234305954;B
20240429;100035;164.15;600;10234305955;B
20240429;100035;164.15;320;10234305956;B
20240429;100035;164.14;1700;10234305957;S
20240429;100035;164.15;100;10234305981;B
20240429;100035;164.14;590;10234305982;S
20240429;100035;164.14;1110;10234305983;S
20240429;100036;164.15;10;10234306000;B
20240429;100036;164.15;10;10234306003;B
20240429;100036;164.14;130;10234306027;S
20240429;100038;164.14;20;10234306636;S
20240429;100038;164.15;160;10234306678;B
20240429;100038;164.15;600;10234306679;B
20240429;100038;164.15;600;10234306680;B
20240429;100038;164.15;600;10234306681;B
20240429;100038;164.15;600;10234306682;B
20240429;100038;164.15;600;10234306683;B
20240429;100038;164.15;300;10234306684;B
20240429;100038;164.15;300;10234306685;B
20240429;100038;164.15;300;10234306686;B
20240429;100038;164.15;300;10234306687;B
20240429;100038;164.15;300;10234306688;B
20240429;100038;164.15;300;10234306689;B
20240429;100038;164.15;300;10234306690;B
20240429;100038;164.15;300;10234306691;B
20240429;100038;164.15;300;10234306692;B
20240429;100038;164.16;300;10234306693;B
20240429;100038;164.16;600;10234306694;B
20240429;100038;164.16;600;10234306695;B
20240429;100038;164.16;300;10234306696;B
20240429;100038;164.16;300;10234306697;B
20240429;100038;164.16;300;10234306698;B
20240429;100038;164.16;300;10234306699;B
20240429;100038;164.16;1200;10234306700;B
20240429;100038;164.16;200;10234306701;B
20240429;100038;164.16;1000;10234306702;B
20240429;100038;164.16;3230;10234306703;B
20240429;100038;164.16;220;10234306705;S
20240429;100038;164.15;980;10234306706;S
20240429;100038;164.16;220;10234306707;S
20240429;100038;164.15;120;10234306708;S
20240429;100038;164.15;220;10234306709;S
20240429;100038;164.15;30;10234306710;B
20240429;100038;164.15;30;10234306711;B
20240429;100039;164.15;10;10234306771;B
20240429;100039;164.15;90;10234306824;B
20240429;100040;164.14;10;10234307018;S
20240429;100040;164.14;10;10234307127;S
20240429;100040;164.15;20;10234307131;B
20240429;100040;164.15;10;10234307157;B
20240429;100040;164.15;10;10234307250;B
20240429;100041;164.15;10;10234307333;B
20240429;100041;164.15;10;10234307335;B
20240429;100042;164.15;10;10234307501;B
20240429;100042;164.15;20;10234307511;B
20240429;100042;164.15;120;10234307693;B
20240429;100042;164.15;120;10234307718;B
20240429;100043;164.15;150;10234307959;B
20240429;100043;164.15;1150;10234307960;B
20240429;100043;164.15;50;10234308164;B
20240429;100043;164.15;50;10234308165;B
20240429;100043;164.15;1000;10234308192;B
20240429;100044;164.14;20;10234308368;S
20240429;100044;164.15;100;10234308386;B
20240429;100044;164.15;50;10234308522;B
20240429;100044;164.15;50;10234308523;B
20240429;100045;164.15;250;10234308576;B
20240429;100045;164.15;300;10234308577;B
20240429;100045;164.15;300;10234308578;B
20240429;100045;164.15;150;10234308579;B
20240429;100045;164.15;150;10234308636;B
20240429;100045;164.15;3540;10234308637;B
20240429;100045;164.15;400;10234308643;S
20240429;100045;164.15;100;10234308644;S
20240429;100045;164.15;100;10234308645;S
20240429;100045;164.15;100;10234308675;S
20240429;100046;164.16;200;10234308823;B
20240429;100046;164.16;200;10234308824;B
20240429;100046;164.16;200;10234308825;B
20240429;100046;164.16;200;10234308826;B
20240429;100046;164.16;100;10234308827;B
20240429;100046;164.16;100;10234308828;B
20240429;100046;164.16;100;10234308829;B
20240429;100046;164.16;100;10234308830;B
20240429;100046;164.16;100;10234308831;B
20240429;100046;164.16;100;10234308832;B
20240429;100046;164.16;100;10234308833;B
20240429;100046;164.17;2500;10234308834;B
20240429;100046;164.16;100;10234308879;S
20240429;100046;164.16;100;10234308880;S
20240429;100047;164.17;60;10234308982;B
20240429;100048;164.16;50;10234309231;S
20240429;100049;164.16;200;10234309591;S
20240429;100050;164.17;50;10234309676;B
20240429;100051;164.16;10;10234310144;S
20240429;100052;164.17;800;10234310252;B
20240429;100052;164.17;190;10234310337;B
20240429;100052;164.17;200;10234310338;B
20240429;100052;164.17;900;10234310339;B
20240429;100052;164.17;300;10234310340;B
20240429;100052;164.17;200;10234310341;B
20240429;100052;164.17;200;10234310342;B
20240429;100052;164.22;50;10234310343;B
20240429;100052;164.22;10;10234310344;B
20240429;100052;164.23;100;10234310345;S
20240429;100052;164.23;120;10234310346;S
20240429;100052;164.23;80;10234310347;B
20240429;100052;164.23;100;10234310348;S
20240429;100052;164.23;120;10234310349;S
20240429;100052;164.23;80;10234310350;B
20240429;100052;164.23;140;10234310351;S
20240429;100052;164.22;660;10234310352;S
20240429;100052;164.23;300;10234310353;B
20240429;100052;164.22;290;10234310354;S
20240429;100052;164.22;210;10234310355;S
20240429;100052;164.22;300;10234310358;S
20240429;100052;164.22;130;10234310405;B
20240429;100052;164.22;70;10234310406;B
20240429;100052;164.23;80;10234310407;B
20240429;100053;164.23;20;10234310474;B
20240429;100053;164.23;90;10234310538;B
20240429;100053;164.23;10;10234310702;B
20240429;100053;164.23;200;10234310703;B
20240429;100053;164.23;200;10234310704;B
20240429;100053;164.23;90;10234310705;B
20240429;100053;164.23;10;10234310744;B
20240429;100054;164.23;100;10234310780;B
20240429;100054;164.25;2600;10234310781;B
20240429;100054;164.22;100;10234310784;S
20240429;100054;164.22;100;10234310787;S
20240429;100054;164.22;100;10234310808;S
20240429;100054;164.24;220;10234310986;S
20240429;100054;164.24;80;10234310990;B
20240429;100054;164.24;300;10234310991;B
20240429;100054;164.24;100;10234310992;B
20240429;100054;164.24;20;10234310993;B
20240429;100056;164.24;10;10234311425;B
20240429;100056;164.24;10;10234311426;B
20240429;100057;164.24;20;10234311669;B
20240429;100057;164.24;20;10234311680;B
20240429;100057;164.23;50;10234311806;S
20240429;100057;164.23;50;10234311807;S
20240429;100057;164.23;100;10234311808;S
20240429;100058;164.23;30;10234311904;S
20240429;100058;164.24;10;10234311941;B
20240429;100058;164.23;40;10234311961;S
20240429;100058;164.23;60;10234311962;S
20240429;100058;164.23;100;10234312014;S
20240429;100058;164.23;100;10234312065;S
20240429;100058;164.23;100;10234312066;S
20240429;100058;164.23;100;10234312069;S
20240429;100059;164.24;10;10234312165;B
20240429;100059;164.24;40;10234312166;B
20240429;100059;164.24;10;10234312323;B
20240429;100100;164.23;80;10234312443;S
20240429;100100;164.24;150;10234312523;B
20240429;100100;164.24;200;10234312524;B
20240429;100100;164.24;150;10234312525;B
20240429;100100;164.24;10;10234312601;B
20240429;100101;164.24;10;10234312878;B
20240429;100101;164.24;10;10234312884;B
20240429;100101;164.23;330;10234312929;S
20240429;100101;164.24;20;10234312978;B
20240429;100101;164.25;40;10234312979;B
20240429;100101;164.25;60;10234313004;B
20240429;100102;164.25;10;10234313077;B
20240429;100102;164.25;190;10234313120;B
20240429;100102;164.25;10;10234313121;B
20240429;100103;164.25;90;10234313497;B
20240429;100103;164.25;160;10234313498;B
20240429;100104;164.25;340;10234313772;B
20240429;100104;164.25;100;10234313773;B
20240429;100104;164.26;10;10234313935;B
20240429;100104;164.27;50;10234313936;B
20240429;100106;164.28;10;10234314185;B
20240429;100106;164.28;10;10234314192;B
20240429;100106;164.28;10;10234314206;B
20240429;100106;164.28;20;10234314321;B
20240429;100106;164.29;280;10234314322;B
20240429;100106;164.29;100;10234314363;B
20240429;100106;164.29;30;10234314385;B
20240429;100107;164.29;300;10234314390;B
20240429;100107;164.29;300;10234314508;B
20240429;100107;164.29;70;10234314515;B
20240429;100107;164.29;300;10234314525;B
20240429;100107;164.29;40;10234314543;B
20240429;100107;164.29;300;10234314586;B
20240429;100107;164.29;10;10234314597;B
20240429;100107;164.29;300;10234314644;B
20240429;100109;164.29;10;10234314999;B
20240429;100109;164.28;30;10234315006;S
20240429;100109;164.29;10;10234315021;B
20240429;100109;164.29;10;10234315051;B
20240429;100110;164.29;10;10234315065;B
20240429;100110;164.29;10;10234315083;B
20240429;100110;164.28;200;10234315108;S
20240429;100110;164.28;870;10234315115;S
20240429;100110;164.28;1000;10234315116;S
20240429;100110;164.28;220;10234315117;S
20240429;100110;164.28;300;10234315118;S
20240429;100110;164.28;10;10234315131;B
20240429;100110;164.28;10;10234315165;B
20240429;100110;164.28;10;10234315230;B
20240429;100110;164.28;10;10234315253;B
20240429;100111;164.28;10;10234315277;B
20240429;100111;164.28;10;10234315287;B
20240429;100111;164.28;10;10234315297;B
20240429;100111;164.28;10;10234315313;B
20240429;100111;164.28;10;10234315320;B
20240429;100111;164.28;250;10234315337;S
20240429;100111;164.29;10;10234315362;B
20240429;100111;164.29;10;10234315376;B
20240429;100111;164.29;10;10234315406;B
20240429;100112;164.29;10;10234315462;B
20240429;100112;164.29;10;10234315487;B
20240429;100112;164.29;10;10234315489;B
20240429;100112;164.29;10;10234315534;B
20240429;100112;164.29;10;10234315536;B
20240429;100112;164.29;10;10234315594;B
20240429;100112;164.29;10;10234315595;B
20240429;100113;164.29;10;10234315627;B
20240429;100113;164.29;500;10234315632;B
20240429;100113;164.29;100;10234315644;B
20240429;100114;164.28;870;10234315770;S
20240429;100116;164.29;20;10234316257;B
20240429;100116;164.29;20;10234316263;B
20240429;100116;164.29;100;10234316450;B
20240429;100116;164.29;20;10234316607;B
20240429;100117;164.28;130;10234316656;S
20240429;100117;164.28;70;10234316657;S
20240429;100119;164.29;1000;10234317154;B
20240429;100119;164.28;150;10234317227;S
20240429;100119;164.28;300;10234317228;S
20240429;100119;164.28;80;10234317229;S
20240429;100119;164.28;1970;10234317230;S
20240429;100119;164.29;1050;10234317315;B
20240429;100121;164.3;10;10234317647;B
20240429;100121;164.3;10;10234317650;B
20240429;100121;164.31;610;10234317711;S
20240429;100121;164.35;100;10234317749;S
20240429;100121;164.35;100;10234317750;S
20240429;100124;164.36;3000;10234318372;B
20240429;100124;164.36;300;10234318373;S
20240429;100124;164.36;1100;10234318374;S
20240429;100124;164.36;220;10234318375;S
20240429;100126;164.37;10;10234318918;B
20240429;100127;164.37;40;10234319242;B
20240429;100127;164.36;220;10234319434;S
20240429;100127;164.36;10;10234319435;S
20240429;100127;164.35;20;10234319436;S
20240429;100127;164.35;20;10234319437;S
20240429;100127;164.35;90;10234319438;S
20240429;100127;164.35;1530;10234319439;S
20240429;100127;164.34;220;10234319440;S
20240429;100127;164.34;1000;10234319441;S
20240429;100127;164.34;760;10234319442;S
20240429;100127;164.33;30;10234319443;S
20240429;100127;164.35;300;10234319473;B
20240429;100127;164.36;1200;10234319474;B
20240429;100128;164.32;40;10234319637;S
20240429;100129;164.32;30;10234319855;S
20240429;100130;164.34;50;10234319944;S
20240429;100130;164.35;300;10234319981;B
20240429;100130;164.35;200;10234319982;B
20240429;100130;164.35;100;10234319983;B
20240429;100130;164.36;3090;10234319984;B
20240429;100131;164.38;10;10234320066;B
20240429;100133;164.38;20;10234320501;B
20240429;100135;164.38;10;10234320777;B
20240429;100136;164.38;20;10234320915;B
20240429;100136;164.38;20;10234320927;B
20240429;100136;164.38;100;10234321011;B
20240429;100136;164.39;20;10234321012;B
20240429;100136;164.4;10;10234321013;B
20240429;100136;164.4;1000;10234321014;B
20240429;100136;164.42;4230;10234321015;B
20240429;100136;164.42;100;10234321016;S
20240429;100136;164.42;100;10234321017;S
20240429;100137;164.44;50;10234321146;B
20240429;100137;164.46;100;10234321147;B
20240429;100137;164.46;140;10234321148;B
20240429;100137;164.45;80;10234321173;B
20240429;100137;164.46;1770;10234321174;B
20240429;100137;164.47;8000;10234321175;B
20240429;100137;164.48;300;10234321176;B
20240429;100137;164.49;10000;10234321177;B
20240429;100137;164.49;7000;10234321178;B
20240429;100137;164.49;110;10234321179;B
20240429;100137;164.49;1000;10234321180;B
20240429;100137;164.5;10;10234321181;B
20240429;100137;164.5;100;10234321182;B
20240429;100137;164.5;1000;10234321183;B
20240429;100137;164.5;100;10234321184;S
20240429;100137;164.5;20;10234321186;S
20240429;100137;164.5;60;10234321187;S
20240429;100137;164.51;10;10234321214;B
20240429;100139;164.5;200;10234321823;S
20240429;100140;164.51;10;10234321974;B
20240429;100140;164.51;1580;10234322013;B
20240429;100140;164.51;100;10234322014;B
20240429;100140;164.51;100;10234322015;B
20240429;100140;164.51;500;10234322016;B
20240429;100140;164.51;200;10234322017;B
20240429;100140;164.51;200;10234322018;B
20240429;100140;164.51;500;10234322019;B
20240429;100140;164.51;100;10234322020;B
20240429;100140;164.51;200;10234322021;B
20240429;100140;164.51;200;10234322022;B
20240429;100140;164.51;1320;10234322023;B
20240429;100140;164.51;180;10234322050;B
20240429;100140;164.51;500;10234322051;B
20240429;100140;164.53;9410;10234322052;B
20240429;100140;164.53;10;10234322053;B
20240429;100140;164.53;4250;10234322054;B
20240429;100141;164.54;10;10234322119;B
20240429;100141;164.54;10;10234322130;B
20240429;100141;164.54;200;10234322192;S
20240429;100141;164.54;100;10234322195;S
20240429;100141;164.54;300;10234322199;S
20240429;100141;164.54;300;10234322201;S
20240429;100141;164.57;50;10234322291;B
20240429;100141;164.57;130;10234322292;B
20240429;100141;164.58;1000;10234322293;B
20240429;100141;164.59;10;10234322294;B
20240429;100141;164.59;30;10234322295;B
20240429;100141;164.6;10;10234322296;B
20240429;100141;164.6;1100;10234322297;B
20240429;100141;164.6;300;10234322298;B
20240429;100141;164.61;220;10234322299;B
20240429;100141;164.61;4180;10234322300;B
20240429;100141;164.62;10;10234322301;B
20240429;100141;164.62;220;10234322302;B
20240429;100141;164.63;220;10234322303;B
20240429;100141;164.63;300;10234322304;B
20240429;100141;164.63;2220;10234322305;B
20240429;100142;164.61;1100;10234322346;B
20240429;100142;164.61;4800;10234322347;S
20240429;100142;164.61;100;10234322348;B
20240429;100142;164.61;200;10234322349;B
20240429;100142;164.54;120;10234322444;S
20240429;100142;164.54;50;10234322472;S
20240429;100143;164.54;760;10234322526;S
20240429;100143;164.5;2240;10234322527;S
20240429;100143;164.5;300;10234322528;S
20240429;100143;164.5;100;10234322529;S
20240429;100143;164.55;100;10234322590;B
20240429;100143;164.56;300;10234322591;B
20240429;100143;164.57;1100;10234322592;B
20240429;100143;164.57;1530;10234322593;B
20240429;100143;164.57;340;10234322594;B
20240429;100143;164.58;2000;10234322595;B
20240429;100143;164.58;50;10234322596;B
20240429;100143;164.58;610;10234322597;B
20240429;100143;164.59;3930;10234322598;B
20240429;100143;164.61;8000;10234322599;B
20240429;100143;164.61;280;10234322600;B
20240429;100143;164.61;220;10234322601;B
20240429;100143;164.62;220;10234322602;B
20240429;100143;164.63;220;10234322603;B
20240429;100143;164.63;1000;10234322604;B
20240429;100143;164.64;10;10234322605;B
20240429;100143;164.64;220;10234322606;B
20240429;100143;164.64;1000;10234322607;B
20240429;100143;164.65;220;10234322608;B
20240429;100143;164.65;1000;10234322609;B
20240429;100143;164.66;10;10234322610;B
20240429;100143;164.66;220;10234322611;B
20240429;100143;164.66;1000;10234322612;B
20240429;100143;164.67;5000;10234322613;B
20240429;100143;164.67;1000;10234322614;B
20240429;100143;164.67;220;10234322615;B
20240429;100143;164.67;200;10234322616;B
20240429;100144;164.6;110;10234322727;B
20240429;100144;164.61;140;10234322728;B
20240429;100145;164.59;20;10234322813;B
20240429;100145;164.6;50;10234322814;S
20240429;100146;164.6;40;10234322902;S
20240429;100148;164.6;100;10234323251;S
20240429;100148;164.63;80;10234323307;B
20240429;100148;164.63;80;10234323308;B
20240429;100149;164.61;350;10234323337;S
20240429;100151;164.64;20;10234323745;B
20240429;100152;164.66;10;10234323968;B
20240429;100153;164.65;10;10234324093;B
20240429;100153;164.64;300;10234324177;S
20240429;100153;164.63;20;10234324178;S
20240429;100153;164.61;680;10234324179;S
20240429;100153;164.65;10;10234324195;B
20240429;100157;164.65;10;10234324717;B
20240429;100157;164.64;10;10234324754;S
20240429;100157;164.65;20;10234324825;B
20240429;100157;164.65;10;10234324826;B
20240429;100158;164.64;1000;10234324938;S
20240429;100158;164.64;2340;10234324988;S
20240429;100200;164.64;10;10234325095;S
20240429;100200;164.65;10;10234325123;B
20240429;100200;164.65;90;10234325124;B
20240429;100200;164.64;10;10234325156;S
20240429;100200;164.64;220;10234325177;S
20240429;100201;164.62;10;10234325297;B
20240429;100201;164.62;290;10234325402;B
20240429;100201;164.62;110;10234325403;B
20240429;100201;164.61;100;10234325425;S
20240429;100201;164.6;100;10234325426;S
20240429;100201;164.6;20;10234325427;S
20240429;100201;164.56;30;10234325435;B
20240429;100202;164.55;1000;10234325528;B
20240429;100202;164.54;500;10234325580;S
20240429;100202;164.52;10;10234325581;B
20240429;100202;164.5;100;10234325582;S
20240429;100202;164.5;100;10234325583;S
20240429;100202;164.5;100;10234325635;S
20240429;100202;164.5;100;10234325647;S
20240429;100202;164.5;100;10234325673;S
20240429;100203;164.5;100;10234325679;S
20240429;100203;164.5;30;10234325699;S
20240429;100203;164.48;600;10234325700;S
20240429;100203;164.44;10;10234325701;S
20240429;100203;164.42;100;10234325731;S
20240429;100203;164.42;100;10234325822;S
20240429;100203;164.42;100;10234325852;S
20240429;100203;164.42;100;10234325880;S
20240429;100203;164.42;100;10234325898;S
20240429;100203;164.42;100;10234325921;S
20240429;100203;164.43;400;10234325926;B
20240429;100203;164.42;100;10234325944;S
20240429;100204;164.42;100;10234325970;S
20240429;100204;164.42;100;10234325971;S
20240429;100204;164.42;70;10234325972;S
20240429;100204;164.43;20;10234326016;B
20240429;100204;164.42;20;10234326038;S
20240429;100205;164.43;10;10234326174;B
20240429;100206;164.43;10;10234326336;B
20240429;100206;164.43;10;10234326349;B
20240429;100206;164.43;550;10234326410;B
20240429;100206;164.45;50;10234326411;B
20240429;100206;164.45;870;10234326412;B
20240429;100206;164.46;1100;10234326413;B
20240429;100206;164.47;3020;10234326414;B
20240429;100206;164.49;300;10234326415;B
20240429;100206;164.5;610;10234326416;B
20240429;100206;164.5;760;10234326417;B
20240429;100206;164.51;1530;10234326418;B
20240429;100206;164.52;1490;10234326419;B
20240429;100206;164.52;1000;10234326420;B
20240429;100206;164.53;1000;10234326421;B
20240429;100206;164.53;1460;10234326422;B
20240429;100206;164.43;300;10234326431;S
20240429;100206;164.43;850;10234326432;S
20240429;100206;164.42;1850;10234326433;S
20240429;100207;164.43;300;10234326625;S
20240429;100207;164.42;1600;10234326626;S
20240429;100207;164.42;20;10234326627;S
20240429;100207;164.41;20;10234326628;B
20240429;100208;164.41;130;10234326649;B
20240429;100208;164.42;370;10234326650;B
20240429;100208;164.41;1100;10234326680;B
20240429;100208;164.42;110;10234326681;B
20240429;100208;164.42;1210;10234326736;B
20240429;100208;164.42;2090;10234326738;B
20240429;100208;164.42;450;10234326795;B
20240429;100210;164.5;360;10234327216;B
20240429;100211;164.5;10;10234327411;B
20240429;100211;164.47;50;10234327537;S
20240429;100213;164.5;1630;10234327941;B
20240429;100213;164.51;300;10234327942;S
20240429;100213;164.51;300;10234327943;S
20240429;100213;164.5;300;10234327949;S
20240429;100213;164.49;1100;10234327950;S
20240429;100213;164.48;1530;10234327951;S
20240429;100213;164.48;1000;10234327952;S
20240429;100213;164.47;1000;10234327953;S
20240429;100213;164.47;20;10234327954;S
20240429;100213;164.46;1000;10234327955;S
20240429;100213;164.46;610;10234327956;S
20240429;100213;164.45;1000;10234327957;S
20240429;100213;164.45;220;10234327958;S
20240429;100213;164.44;1000;10234327959;S
20240429;100213;164.44;220;10234327960;S
20240429;100213;164.43;1000;10234327961;S
20240429;100213;164.43;220;10234327962;S
20240429;100213;164.42;1000;10234327963;S
20240429;100213;164.42;220;10234327964;S
20240429;100213;164.42;700;10234327965;S
20240429;100213;164.41;220;10234327966;S
20240429;100213;164.41;1000;10234327967;S
20240429;100213;164.41;200;10234327968;S
20240429;100213;164.41;20;10234327969;S
20240429;100213;164.41;5250;10234327970;S
20240429;100214;164.48;300;10234328088;S
20240429;100214;164.47;300;10234328089;S
20240429;100214;164.45;400;10234328090;S
20240429;100214;164.47;300;10234328134;S
20240429;100214;164.46;750;10234328135;S
20240429;100214;164.45;1100;10234328136;S
20240429;100214;164.44;1000;10234328137;S
20240429;100214;164.44;1530;10234328138;S
20240429;100214;164.43;220;10234328139;S
20240429;100214;164.43;1000;10234328140;S
20240429;100214;164.42;20;10234328141;B
20240429;100214;164.42;50;10234328226;B
20240429;100214;164.42;230;10234328238;B
20240429;100214;164.43;70;10234328239;B
20240429;100215;164.42;250;10234328253;B
20240429;100216;164.42;10;10234328374;B
20240429;100216;164.42;10;10234328376;B
20240429;100217;164.41;20;10234328570;B
20240429;100217;164.42;10;10234328727;B
20240429;100217;164.42;210;10234328728;B
20240429;100217;164.43;50;10234328729;B
20240429;100217;164.43;100;10234328731;B
20240429;100218;164.42;1000;10234328796;S
20240429;100218;164.42;10;10234328819;B
20240429;100219;164.43;500;10234329154;B
20240429;100219;164.42;1000;10234329249;S
20240429;100219;164.43;40;10234329285;B
20240429;100221;164.43;10;10234329600;B
20240429;100221;164.43;10;10234329615;B
20240429;100221;164.43;40;10234329688;B
20240429;100221;164.43;30;10234329787;B
20240429;100224;164.42;10;10234330304;S
20240429;100226;164.43;10;10234330462;B
20240429;100227;164.43;1090;10234330596;B
20240429;100227;164.42;20;10234330639;S
20240429;100227;164.43;1000;10234330745;B
20240429;100227;164.43;830;10234330766;B
20240429;100231;164.43;10;10234331540;B
20240429;100232;164.43;400;10234331777;B
20240429;100232;164.42;50;10234331863;S
20240429;100233;164.42;180;10234332036;S
20240429;100233;164.42;130;10234332037;S
20240429;100234;164.42;970;10234332240;S
20240429;100234;164.42;30;10234332241;S
20240429;100235;164.43;190;10234332413;B
20240429;100236;164.43;9720;10234332471;B
20240429;100236;164.43;750;10234332472;B
20240429;100236;164.47;300;10234332473;B
20240429;100236;164.5;10;10234332474;B
20240429;100236;164.51;10;10234332475;B
20240429;100236;164.52;600;10234332476;B
20240429;100236;164.53;610;10234332477;B
20240429;100236;164.53;8000;10234332478;B
20240429;100236;164.54;1000;10234332479;B
20240429;100236;164.54;40;10234332480;B
20240429;100236;164.55;1000;10234332481;B
20240429;100236;164.56;1000;10234332482;B
20240429;100236;164.57;1000;10234332483;B
20240429;100236;164.58;1000;10234332484;B
20240429;100236;164.58;220;10234332485;B
20240429;100236;164.58;20;10234332486;B
20240429;100236;164.58;1280;10234332487;B
20240429;100236;164.59;1000;10234332488;B
20240429;100236;164.59;220;10234332489;B
20240429;100236;164.59;3000;10234332490;B
20240429;100236;164.6;220;10234332491;B
20240429;100236;164.6;1000;10234332492;B
20240429;100236;164.6;10;10234332493;B
20240429;100236;164.61;220;10234332494;B
20240429;100236;164.61;1000;10234332495;B
20240429;100236;164.62;220;10234332496;B
20240429;100236;164.62;1000;10234332497;B
20240429;100236;164.63;220;10234332498;B
20240429;100236;164.63;30;10234332499;B
20240429;100236;164.63;2000;10234332500;B
20240429;100236;164.63;1000;10234332501;B
20240429;100236;164.63;130;10234332502;B
20240429;100236;164.64;80;10234332503;B
20240429;100236;164.64;220;10234332504;B
20240429;100236;164.64;1000;10234332505;B
20240429;100236;164.65;5510;10234332506;B
20240429;100236;164.65;220;10234332507;B
20240429;100236;164.65;500;10234332508;B
20240429;100236;164.65;1000;10234332509;B
20240429;100236;164.66;50;10234332510;B
20240429;100236;164.66;1600;10234332511;B
20240429;100236;164.66;220;10234332512;B
20240429;100236;164.67;1910;10234332513;B
20240429;100236;164.67;220;10234332514;B
20240429;100236;164.68;10;10234332515;B
20240429;100236;164.68;10;10234332516;B
20240429;100236;164.7;10;10234332517;B
20240429;100236;164.7;10;10234332518;B
20240429;100236;164.7;10;10234332519;B
20240429;100236;164.7;1100;10234332520;B
20240429;100236;164.71;3970;10234332521;B
20240429;100236;164.72;500;10234332522;B
20240429;100236;164.72;10;10234332523;B
20240429;100236;164.74;10;10234332524;B
20240429;100236;164.74;100;10234332525;B
20240429;100236;164.76;4600;10234332526;B
20240429;100236;164.76;10;10234332527;B
20240429;100236;164.76;10;10234332528;B
20240429;100236;164.76;30;10234332529;B
20240429;100236;164.78;250;10234332530;B
20240429;100236;164.78;150;10234332531;B
20240429;100236;164.78;10;10234332532;B
20240429;100236;164.78;10;10234332533;B
20240429;100236;164.79;100;10234332534;B
20240429;100236;164.8;10;10234332535;B
20240429;100236;164.8;1000;10234332536;B
20240429;100236;164.82;10;10234332537;B
20240429;100236;164.83;10;10234332538;B
20240429;100236;164.86;1830;10234332539;B
20240429;100236;164.86;1830;10234332540;B
20240429;100236;164.87;8040;10234332541;B
20240429;100236;164.72;500;10234332547;S
20240429;100236;164.73;200;10234332548;S
20240429;100236;164.73;100;10234332553;S
20240429;100236;164.63;200;10234332564;S
20240429;100236;164.63;600;10234332565;S
20240429;100236;164.5;220;10234332579;S
20240429;100236;164.5;1000;10234332580;S
20240429;100236;164.5;300;10234332581;S
20240429;100236;164.5;180;10234332582;S
20240429;100236;164.51;20;10234332583;S
20240429;100236;164.46;220;10234332584;S
20240429;100236;164.46;360;10234332585;S
20240429;100236;164.52;100;10234332586;S
20240429;100236;164.54;40;10234332730;S
20240429;100236;164.54;150;10234332732;S
20240429;100236;164.54;110;10234332757;S
20240429;100236;164.54;890;10234332758;S
20240429;100238;164.64;10;10234333251;B
20240429;100239;164.54;160;10234333282;S
20240429;100243;164.53;10;10234334026;S
20240429;100243;164.52;190;10234334027;S
20240429;100247;164.6;100;10234334615;B
20240429;100247;164.61;10;10234334648;B
20240429;100247;164.61;290;10234334651;B
20240429;100247;164.62;1100;10234334652;B
20240429;100247;164.63;810;10234334653;B
20240429;100247;164.66;1530;10234334654;B
20240429;100247;164.67;170;10234334655;B
20240429;100247;164.67;1000;10234334656;B
20240429;100247;164.67;730;10234334657;B
20240429;100247;164.68;220;10234334658;B
20240429;100247;164.68;650;10234334659;B
20240429;100248;164.57;30;10234334913;S
20240429;100254;164.65;300;10234335857;B
20240429;100254;164.66;310;10234335858;B
20240429;100257;164.66;750;10234336287;B
20240429;100302;164.59;200;10234336910;S
20240429;100302;164.59;100;10234336937;S
20240429;100302;164.59;20;10234336938;S
20240429;100302;164.59;980;10234336950;S
20240429;100302;164.59;270;10234336951;S
20240429;100302;164.58;10;10234337010;S
20240429;100307;164.58;10;10234337811;S
20240429;100307;164.57;990;10234337812;S
20240429;100308;164.57;10;10234337967;S
20240429;100308;164.57;10;10234337968;S
20240429;100308;164.54;230;10234337969;S
20240429;100308;164.52;50;10234337970;S
20240429;100311;164.53;10;10234338676;B
20240429;100311;164.52;20;10234338705;S
20240429;100311;164.52;250;10234338706;S
20240429;100311;164.51;230;10234338707;S
20240429;100311;164.5;500;10234338708;S
20240429;100311;164.53;290;10234338765;B
20240429;100311;164.53;210;10234338766;B
20240429;100314;164.5;10;10234339230;S
20240429;100320;164.55;300;10234340028;B
20240429;100320;164.56;770;10234340029;B
20240429;100320;164.56;230;10234340030;B
20240429;100320;164.59;940;10234340031;B
20240429;100320;164.59;160;10234340032;B
20240429;100320;164.55;600;10234340094;S
20240429;100320;164.52;1000;10234340108;S
20240429;100320;164.51;220;10234340109;S
20240429;100320;164.51;1000;10234340110;S
20240429;100320;164.5;500;10234340111;S
20240429;100320;164.5;60;10234340112;S
20240429;100320;164.5;1000;10234340113;S
20240429;100320;164.5;300;10234340114;S
20240429;100322;164.45;10;10234340367;S
20240429;100329;164.46;10;10234341293;B
20240429;100330;164.46;10;10234341447;B
20240429;100331;164.46;10;10234341770;B
20240429;100334;164.45;210;10234342472;S
20240429;100334;164.45;790;10234342473;S
20240429;100335;164.45;100;10234342489;S
20240429;100335;164.46;20;10234342524;B
20240429;100337;164.46;50;10234342846;B
20240429;100338;164.46;200;10234342963;B
20240429;100338;164.46;230;10234342964;B
20240429;100338;164.46;20;10234342965;B
20240429;100338;164.46;830;10234342966;B
20240429;100338;164.47;60;10234342967;B
20240429;100338;164.45;10;10234343009;S
20240429;100339;164.45;1000;10234343080;S
20240429;100339;164.44;230;10234343081;S
20240429;100340;164.43;220;10234343137;S
20240429;100340;164.43;150;10234343138;S
20240429;100340;164.43;600;10234343139;S
20240429;100340;164.43;40;10234343140;S
20240429;100340;164.43;220;10234343141;S
20240429;100340;164.42;60;10234343189;S
20240429;100340;164.42;220;10234343190;S
20240429;100340;164.41;1000;10234343191;S
20240429;100340;164.41;100;10234343192;S
20240429;100340;164.41;500;10234343193;S
20240429;100340;164.41;120;10234343194;S
20240429;100340;164.43;60;10234343293;B
20240429;100341;164.42;100;10234343329;S
20240429;100341;164.42;120;10234343330;S
20240429;100342;164.41;10;10234343604;S
20240429;100342;164.41;220;10234343605;S
20240429;100342;164.41;50;10234343760;B
20240429;100343;164.4;180;10234343940;S
20240429;100343;164.4;600;10234343941;S
20240429;100343;164.4;400;10234343942;S
20240429;100343;164.4;200;10234343943;S
20240429;100343;164.4;600;10234343944;S
20240429;100343;164.4;600;10234343945;S
20240429;100343;164.41;420;10234343977;B
20240429;100343;164.42;230;10234343978;B
20240429;100343;164.44;50;10234343979;B
20240429;100344;164.46;10;10234344199;S
20240429;100346;164.46;160;10234344601;S
20240429;100349;164.47;10;10234345182;B
20240429;100350;164.46;640;10234345258;S
20240429;100353;164.47;60;10234345555;B
20240429;100357;164.46;10;10234346132;S
20240429;100403;164.47;140;10234346901;B
20240429;100403;164.47;300;10234346902;B
20240429;100403;164.47;560;10234346903;B
20240429;100407;164.46;30;10234347389;S
20240429;100408;164.47;20;10234347534;B
20240429;100408;164.46;150;10234347543;S
20240429;100409;164.42;10;10234347614;S
20240429;100409;164.41;290;10234347615;S
20240429;100409;164.41;100;10234347661;S
20240429;100412;164.4;150;10234347909;S
20240429;100412;164.4;5000;10234347949;S
20240429;100413;164.4;1000;10234348030;S
20240429;100416;164.41;30;10234348501;B
20240429;100418;164.41;10;10234348807;B
20240429;100422;164.41;160;10234349294;B
20240429;100422;164.41;100;10234349295;B
20240429;100422;164.41;230;10234349296;B
20240429;100422;164.41;500;10234349297;B
20240429;100422;164.41;10;10234349298;B
20240429;100425;164.4;1000;10234349701;S
20240429;100425;164.41;10;10234349784;B
20240429;100426;164.4;270;10234349839;S
20240429;100426;164.4;50;10234349840;S
20240429;100426;164.4;10;10234349841;S
20240429;100428;164.41;10;10234350083;B
20240429;100430;164.41;120;10234350292;B
20240429;100433;164.4;30;10234350597;S
20240429;100433;164.4;280;10234350598;S
20240429;100434;164.4;1150;10234350754;S
20240429;100434;164.4;200;10234350755;S
20240429;100434;164.4;220;10234350756;S
20240429;100434;164.4;1000;10234350757;S
20240429;100434;164.4;600;10234350758;S
20240429;100434;164.39;220;10234350759;S
20240429;100434;164.39;1000;10234350760;S
20240429;100434;164.39;230;10234350761;S
20240429;100434;164.38;180;10234350762;S
20240429;100434;164.38;220;10234350763;S
20240429;100434;164.38;10;10234350764;S
20240429;100435;164.38;10;10234350897;S
20240429;100442;164.38;10;10234351601;S
20240429;100445;164.39;20;10234351950;B
20240429;100448;164.38;10;10234352171;S
20240429;100450;164.39;90;10234352424;B
20240429;100455;164.38;80;10234352975;S
20240429;100455;164.37;10;10234352976;S
20240429;100455;164.36;220;10234352977;S
20240429;100455;164.36;500;10234352978;S
20240429;100455;164.36;140;10234352979;S
20240429;100455;164.35;220;10234352980;S
20240429;100455;164.35;220;10234352981;S
20240429;100455;164.34;110;10234352982;S
20240429;100455;164.34;10;10234352983;S
20240429;100455;164.34;210;10234352984;S
20240429;100456;164.36;20;10234353091;B
20240429;100501;164.35;20;10234353703;S
20240429;100501;164.35;20;10234353704;S
20240429;100501;164.35;20;10234353705;S
20240429;100501;164.34;160;10234353706;S
20240429;100501;164.35;100;10234353779;B
20240429;100502;164.34;220;10234353852;S
20240429;100502;164.34;5590;10234353853;S
20240429;100503;164.34;100;10234354084;B
20240429;100504;164.34;200;10234354263;B
20240429;100504;164.34;300;10234354264;B
20240429;100504;164.34;50;10234354265;B
20240429;100504;164.35;40;10234354266;B
20240429;100507;164.34;30;10234354549;B
20240429;100507;164.34;10;10234354550;B
20240429;100507;164.34;60;10234354551;B
20240429;100507;164.34;80;10234354581;B
20240429;100509;164.34;100;10234354867;B
20240429;100509;164.33;200;10234354932;S
20240429;100510;164.34;60;10234354987;B
20240429;100510;164.34;20;10234354988;B
20240429;100510;164.34;10;10234354989;B
20240429;100510;164.34;100;10234354992;B
20240429;100510;164.34;40;10234355011;B
20240429;100511;164.34;30;10234355178;B
20240429;100511;164.34;100;10234355212;B
20240429;100512;164.33;20;10234355439;S
20240429;100512;164.34;30;10234355543;B
20240429;100512;164.34;70;10234355544;B
20240429;100512;164.34;10;10234355551;B
20240429;100513;164.34;100;10234355565;B
20240429;100514;164.34;30;10234355780;B
20240429;100515;164.33;100;10234355850;S
20240429;100515;164.34;970;10234355866;B
20240429;100515;164.34;760;10234355867;B
20240429;100516;164.34;10;10234355945;B
20240429;100518;164.33;100;10234356218;S
20240429;100520;164.33;70;10234356448;S
20240429;100520;164.33;220;10234356449;S
20240429;100520;164.33;1000;10234356450;S
20240429;100520;164.33;130;10234356451;S
20240429;100520;164.32;220;10234356452;S
20240429;100520;164.32;180;10234356453;S
20240429;100520;164.32;1000;10234356454;S
20240429;100520;164.32;240;10234356455;S
20240429;100520;164.31;220;10234356456;S
20240429;100520;164.31;230;10234356457;S
20240429;100520;164.32;220;10234356458;S
20240429;100522;164.31;190;10234356783;S
20240429;100522;164.31;220;10234356784;S
20240429;100522;164.31;80;10234356785;S
20240429;100522;164.3;810;10234356786;S
20240429;100524;164.32;100;10234356966;B
20240429;100524;164.31;220;10234356972;S
20240429;100524;164.3;220;10234356973;S
20240429;100524;164.3;100;10234356974;S
20240429;100524;164.3;100;10234356975;S
20240429;100524;164.3;200;10234356976;S
20240429;100524;164.3;130;10234356977;S
20240429;100524;164.3;800;10234356978;S
20240429;100524;164.3;130;10234357008;B
20240429;100524;164.3;120;10234357037;B
20240429;100529;164.3;320;10234357512;B
20240429;100529;164.3;210;10234357513;B
20240429;100529;164.31;230;10234357514;B
20240429;100529;164.32;230;10234357550;S
20240429;100529;164.32;90;10234357551;S
20240429;100532;164.34;10;10234357873;B
20240429;100532;164.34;220;10234357874;B
20240429;100532;164.34;20;10234357875;B
20240429;100532;164.34;1000;10234357876;B
20240429;100532;164.34;260;10234357877;B
20240429;100532;164.34;230;10234357878;B
20240429;100532;164.34;300;10234357879;B
20240429;100532;164.35;1000;10234357880;B
20240429;100532;164.34;300;10234357962;S
20240429;100532;164.34;8000;10234357963;S
20240429;100532;164.33;800;10234357964;S
20240429;100532;164.33;150;10234357965;S
20240429;100532;164.33;580;10234357966;S
20240429;100534;164.35;500;10234358041;B
20240429;100535;164.35;20;10234358130;B
20240429;100538;164.34;30;10234358487;S
20240429;100539;164.35;20;10234358522;B
20240429;100539;164.34;200;10234358572;S
20240429;100545;164.35;50;10234359276;B
20240429;100545;164.34;120;10234359308;S
20240429;100549;164.35;10;10234359676;B
20240429;100551;164.35;400;10234359872;B
20240429;100551;164.35;600;10234359873;B
20240429;100554;164.35;400;10234360058;B
20240429;100554;164.35;30;10234360059;B
20240429;100554;164.35;30;10234360060;B
20240429;100554;164.35;490;10234360061;B
20240429;100554;164.35;530;10234360062;B
20240429;100554;164.38;840;10234360066;B
20240429;100554;164.38;560;10234360067;B
20240429;100554;164.39;10;10234360068;B
20240429;100554;164.39;140;10234360069;B
20240429;100554;164.4;10;10234360070;B
20240429;100554;164.4;600;10234360071;B
20240429;100554;164.4;3000;10234360072;B
20240429;100554;164.41;50;10234360073;B
20240429;100554;164.44;1000;10234360095;S
20240429;100554;164.44;240;10234360096;S
20240429;100554;164.44;300;10234360097;S
20240429;100554;164.44;820;10234360098;S
20240429;100554;164.42;1000;10234360099;S
20240429;100554;164.42;1100;10234360100;S
20240429;100554;164.41;140;10234360101;S
20240429;100554;164.41;610;10234360102;S
20240429;100554;164.41;1000;10234360103;S
20240429;100554;164.41;50;10234360104;S
20240429;100554;164.4;1000;10234360105;S
20240429;100554;164.39;1000;10234360106;S
20240429;100554;164.38;1000;10234360107;S
20240429;100554;164.38;220;10234360108;S
20240429;100554;164.38;8000;10234360109;S
20240429;100554;164.37;1000;10234360110;S
20240429;100554;164.37;220;10234360111;S
20240429;100554;164.36;1000;10234360112;S
20240429;100554;164.36;220;10234360113;S
20240429;100554;164.36;80;10234360114;S
20240429;100554;164.45;10;10234360131;B
20240429;100555;164.45;10;10234360225;B
20240429;100555;164.46;10;10234360226;B
20240429;100555;164.48;50;10234360227;B
20240429;100555;164.48;680;10234360228;B
20240429;100557;164.47;10;10234360388;B
20240429;100604;164.47;300;10234361189;B
20240429;100604;164.47;1700;10234361232;S
20240429;100604;164.44;140;10234361253;S
20240429;100604;164.42;60;10234361254;S
20240429;100605;164.42;130;10234361448;S
20240429;100606;164.42;10;10234361496;B
20240429;100606;164.42;120;10234361509;B
20240429;100606;164.42;120;10234361537;B
20240429;100607;164.39;230;10234361707;S
20240429;100609;164.41;20;10234361879;B
20240429;100610;164.42;200;10234362009;B
20240429;100610;164.42;10;10234362036;B
20240429;100614;164.39;10;10234362501;S
20240429;100614;164.39;160;10234362502;S
20240429;100615;164.39;40;10234362589;S
20240429;100615;164.39;300;10234362590;S
20240429;100615;164.38;230;10234362591;S
20240429;100615;164.38;110;10234362592;S
20240429;100615;164.38;780;10234362593;S
20240429;100615;164.37;10;10234362594;S
20240429;100615;164.36;140;10234362595;S
20240429;100615;164.36;10;10234362596;S
20240429;100615;164.35;10;10234362597;S
20240429;100615;164.35;20;10234362598;S
20240429;100615;164.35;350;10234362599;S
20240429;100615;164.41;50;10234362666;B
20240429;100616;164.39;1000;10234362738;B
20240429;100616;164.39;800;10234362739;B
20240429;100616;164.4;200;10234362740;B
20240429;100618;164.39;50;10234362960;B
20240429;100618;164.39;750;10234362975;B
20240429;100618;164.39;150;10234362976;B
20240429;100619;164.38;110;10234363161;S
20240429;100619;164.37;90;10234363162;S
20240429;100623;164.39;10;10234363775;B
20240429;100627;164.39;500;10234364184;B
20240429;100627;164.39;30;10234364232;B
20240429;100628;164.38;230;10234364345;S
20240429;100628;164.38;1000;10234364346;S
20240429;100628;164.38;300;10234364347;S
20240429;100629;164.38;2280;10234364391;B
20240429;100632;164.42;250;10234364851;B
20240429;100633;164.41;310;10234365057;S
20240429;100633;164.41;1000;10234365079;S
20240429;100635;164.42;160;10234365206;B
20240429;100635;164.42;160;10234365207;B
20240429;100635;164.42;360;10234365208;B
20240429;100635;164.44;10;10234365212;B
20240429;100635;164.44;230;10234365213;B
20240429;100636;164.45;1200;10234365388;B
20240429;100637;164.47;50;10234365528;B
20240429;100639;164.49;30;10234365709;B
20240429;100639;164.49;10;10234365710;B
20240429;100639;164.49;10;10234365711;B
20240429;100639;164.49;220;10234365712;B
20240429;100639;164.49;220;10234365713;B
20240429;100639;164.5;250;10234365714;B
20240429;100639;164.5;10;10234365715;B
20240429;100639;164.5;3180;10234365716;B
20240429;100639;164.5;830;10234365717;B
20240429;100639;164.5;100;10234365718;B
20240429;100639;164.52;10;10234365719;B
20240429;100645;164.54;10;10234366514;S
20240429;100652;164.54;290;10234367599;S
20240429;100652;164.54;220;10234367600;S
20240429;100652;164.54;760;10234367601;S
20240429;100652;164.54;610;10234367602;S
20240429;100656;164.54;2410;10234368110;S
20240429;100656;164.53;220;10234368111;S
20240429;100656;164.53;760;10234368112;S
20240429;100656;164.52;300;10234368113;S
20240429;100656;164.51;110;10234368114;S
20240429;100656;164.49;610;10234368115;S
20240429;100656;164.47;590;10234368116;S
20240429;100657;164.48;20;10234368147;B
20240429;100658;164.48;10;10234368380;B
20240429;100708;164.47;110;10234369593;B
20240429;100713;164.47;10;10234370429;B
20240429;100715;164.46;10;10234370792;S
20240429;100718;164.47;700;10234371110;B
20240429;100720;164.46;210;10234371430;S
20240429;100720;164.46;110;10234371431;S
20240429;100720;164.46;30;10234371432;S
20240429;100720;164.46;480;10234371433;S
20240429;100720;164.44;750;10234371434;S
20240429;100720;164.42;300;10234371435;S
20240429;100720;164.4;120;10234371436;S
20240429;100723;164.43;30;10234371642;B
20240429;100723;164.41;20;10234371677;S
20240429;100725;164.43;770;10234371871;B
20240429;100725;164.44;1100;10234371872;B
20240429;100725;164.44;220;10234371873;B
20240429;100725;164.44;300;10234371874;B
20240429;100725;164.45;650;10234371875;B
20240429;100725;164.44;10;10234371923;B
20240429;100727;164.44;30;10234372084;B
20240429;100729;164.43;20;10234372390;S
20240429;100729;164.43;320;10234372453;S
20240429;100730;164.43;660;10234372563;S
20240429;100730;164.43;220;10234372564;S
20240429;100730;164.42;120;10234372565;S
20240429;100733;164.42;30;10234372810;B
20240429;100733;164.42;470;10234372811;B
20240429;100737;164.42;60;10234373201;B
20240429;100738;164.42;20;10234373261;B
20240429;100740;164.42;210;10234373438;B
20240429;100744;164.41;310;10234373855;S
20240429;100747;164.41;140;10234374032;S
20240429;100748;164.42;300;10234374120;B
20240429;100749;164.42;70;10234374307;B
20240429;100749;164.42;430;10234374339;B
20240429;100750;164.43;220;10234374356;B
20240429;100750;164.43;100;10234374357;B
20240429;100750;164.44;50;10234374358;B
20240429;100751;164.44;10;10234374464;B
20240429;100751;164.44;290;10234374465;B
20240429;100751;164.44;1710;10234374466;B
20240429;100751;164.45;10;10234374467;B
20240429;100751;164.46;360;10234374542;S
20240429;100758;164.46;110;10234375074;S
20240429;100758;164.47;1000;10234375076;B
20240429;100758;164.47;450;10234375077;B
20240429;100801;164.48;10;10234375646;B
20240429;100802;164.48;40;10234375770;B
20240429;100802;164.49;1000;10234375771;B
20240429;100802;164.49;2150;10234375772;B
20240429;100802;164.49;50;10234375773;B
20240429;100802;164.55;10;10234375777;B
20240429;100802;164.55;20;10234375783;S
20240429;100804;164.56;10;10234375983;B
20240429;100804;164.56;30;10234375990;B
20240429;100805;164.56;40;10234376012;B
20240429;100807;164.55;10;10234376231;S
20240429;100813;164.53;10;10234376912;S
20240429;100813;164.51;100;10234376913;S
20240429;100813;164.51;220;10234376914;S
20240429;100813;164.51;670;10234376915;S
20240429;100814;164.5;1500;10234377061;S
20240429;100814;164.5;1000;10234377062;S
20240429;100817;164.5;350;10234377343;B
20240429;100822;164.5;10;10234377911;B
20240429;100822;164.5;10;10234377915;B
20240429;100825;164.5;900;10234378116;B
20240429;100825;164.5;10;10234378120;B
20240429;100826;164.5;1160;10234378198;B
20240429;100834;164.49;100;10234378952;S
20240429;100834;164.49;10;10234379027;B
20240429;100837;164.48;20;10234379347;S
20240429;100842;164.49;10;10234379820;B
20240429;100844;164.48;200;10234380140;S
20240429;100846;164.49;190;10234380420;B
20240429;100846;164.49;210;10234380421;B
20240429;100847;164.48;780;10234380463;S
20240429;100847;164.48;10;10234380464;S
20240429;100847;164.48;20;10234380465;S
20240429;100847;164.48;690;10234380466;S
20240429;100847;164.49;10;10234380520;B
20240429;100850;164.49;420;10234380752;B
20240429;100850;164.49;430;10234380753;B
20240429;100850;164.49;10;10234380794;B
20240429;100853;164.48;10;10234381003;S
20240429;100853;164.48;10;10234381004;S
20240429;100853;164.48;10;10234381005;S
20240429;100853;164.48;970;10234381006;S
20240429;100855;164.49;120;10234381167;B
20240429;100857;164.48;10;10234381452;S
20240429;100858;164.49;10;10234381552;B
20240429;100859;164.49;230;10234381672;B
20240429;100859;164.49;500;10234381673;B
20240429;100859;164.49;800;10234381674;B
20240429;100859;164.49;10;10234381675;B
20240429;100859;164.5;30;10234381676;B
20240429;100859;164.5;800;10234381677;B
20240429;100859;164.5;230;10234381678;B
20240429;100859;164.54;1000;10234381680;B
20240429;100900;164.56;90;10234381807;S
20240429;100902;164.57;20;10234381936;B
20240429;100902;164.56;10;10234381959;S
20240429;100904;164.57;30;10234382165;B
20240429;100904;164.57;10;10234382166;B
20240429;100904;164.57;70;10234382167;B
20240429;100904;164.58;100;10234382168;B
20240429;100904;164.58;20;10234382169;B
20240429;100904;164.58;80;10234382170;B
20240429;100904;164.59;10;10234382171;B
20240429;100904;164.59;90;10234382172;B
20240429;100904;164.59;230;10234382173;B
20240429;100904;164.6;200;10234382174;B
20240429;100904;164.6;60;10234382175;B
20240429;100904;164.57;200;10234382176;S
20240429;100905;164.57;300;10234382263;S
20240429;100905;164.57;770;10234382264;S
20240429;100905;164.57;230;10234382265;S
20240429;100905;164.56;1000;10234382266;S
20240429;100905;164.56;610;10234382267;S
20240429;100905;164.56;50;10234382282;B
20240429;100906;164.55;610;10234382387;S
20240429;100906;164.55;300;10234382388;S
20240429;100906;164.55;590;10234382389;S
20240429;100909;164.55;610;10234382739;S
20240429;100909;164.54;230;10234382740;S
20240429;100909;164.54;760;10234382741;S
20240429;100909;164.53;100;10234382742;S
20240429;100909;164.53;500;10234382743;S
20240429;100909;164.52;1000;10234382744;S
20240429;100909;164.5;1000;10234382745;S
20240429;100909;164.49;5800;10234382746;S
20240429;100909;164.5;610;10234382747;S
20240429;100909;164.5;190;10234382748;S
20240429;100909;164.52;100;10234382749;S
20240429;100909;164.52;100;10234382750;S
20240429;100909;164.52;300;10234382751;S
20240429;100913;164.52;500;10234383348;B
20240429;100913;164.52;500;10234383349;B
20240429;100913;164.51;10;10234383368;S
20240429;100914;164.52;10;10234383612;B
20240429;100915;164.51;20;10234383716;S
20240429;100919;164.52;290;10234384417;B
20240429;100919;164.52;500;10234384418;B
20240429;100919;164.52;120;10234384419;B
20240429;100923;164.51;100;10234384875;S
20240429;100925;164.52;30;10234385062;B
20240429;100925;164.52;650;10234385087;B
20240429;100925;164.52;350;10234385088;B
20240429;100930;164.51;100;10234385801;S
20240429;100931;164.51;380;10234385889;S
20240429;100931;164.51;10;10234385890;S
20240429;100931;164.51;10;10234385891;S
20240429;100931;164.51;200;10234385939;B
20240429;100931;164.51;240;10234385940;B
20240429;100931;164.51;160;10234385941;B
20240429;100932;164.5;40;10234385973;S
20240429;100934;164.51;60;10234386173;B
20240429;100936;164.51;280;10234386691;B
20240429;100936;164.51;500;10234386692;B
20240429;100936;164.51;220;10234386693;B
20240429;100938;164.51;20;10234386885;B
20240429;100938;164.51;10;10234386941;B
20240429;100942;164.5;10;10234387349;S
20240429;100943;164.51;50;10234387484;B
20240429;100955;164.51;200;10234388959;B
20240429;100955;164.51;150;10234388960;B
20240429;100955;164.51;300;10234388961;B
20240429;100955;164.51;200;10234388962;B
20240429;100955;164.51;150;10234388963;B
20240429;100956;164.51;50;10234389002;B
20240429;100956;164.51;300;10234389003;B
20240429;100956;164.51;250;10234389004;B
20240429;100957;164.51;70;10234389240;B
20240429;100957;164.51;10;10234389261;B
20240429;100958;164.51;170;10234389332;B
20240429;100958;164.51;500;10234389333;B
20240429;100958;164.51;100;10234389334;B
20240429;100958;164.51;200;10234389335;B
20240429;100958;164.51;100;10234389336;B
20240429;100958;164.51;200;10234389337;B
20240429;100958;164.51;200;10234389338;B
20240429;100958;164.51;100;10234389339;B
20240429;100958;164.51;430;10234389340;B
20240429;101002;164.51;70;10234390016;B
20240429;101002;164.51;30;10234390017;B
20240429;101003;164.51;170;10234390144;B
20240429;101003;164.51;480;10234390145;B
20240429;101004;164.51;200;10234390333;B
20240429;101005;164.51;120;10234390373;B
20240429;101005;164.51;30;10234390374;B
20240429;101006;164.51;10;10234390513;B
20240429;101009;164.51;260;10234390851;B
20240429;101009;164.51;800;10234390852;B
20240429;101009;164.51;300;10234390853;B
20240429;101009;164.51;500;10234390854;B
20240429;101009;164.51;800;10234390855;B
20240429;101009;164.51;800;10234390856;B
20240429;101009;164.51;1820;10234390857;B
20240429;101010;164.51;10;10234390902;B
20240429;101014;164.51;1000;10234391529;B
20240429;101016;164.5;10;10234391728;S
20240429;101016;164.51;170;10234391757;B
20240429;101016;164.51;230;10234391758;B
20240429;101016;164.51;100;10234391760;B
20240429;101022;164.51;10;10234392519;B
20240429;101022;164.51;100;10234392632;B
20240429;101024;164.51;60;10234392874;B
20240429;101024;164.5;300;10234392875;S
20240429;101025;164.51;90;10234393057;B
20240429;101025;164.51;270;10234393082;B
20240429;101025;164.51;1000;10234393083;B
20240429;101025;164.51;30;10234393084;B
20240429;101026;164.51;100;10234393128;B
20240429;101027;164.51;780;10234393247;B
20240429;101031;164.51;10;10234393810;B
20240429;101033;164.5;310;10234394122;S
20240429;101033;164.5;160;10234394262;S
20240429;101036;164.51;10;10234394730;B
20240429;101036;164.5;270;10234394736;S
20240429;101036;164.5;10;10234394737;S
20240429;101036;164.5;270;10234394738;S
20240429;101038;164.51;150;10234395131;B
20240429;101041;164.51;680;10234395448;B
20240429;101041;164.51;60;10234395449;B
20240429;101041;164.51;260;10234395450;B
20240429;101042;164.51;110;10234395600;B
20240429;101043;164.5;100;10234395715;S
20240429;101045;164.51;90;10234395925;B
20240429;101049;164.5;10;10234396507;S
20240429;101054;164.51;10;10234397214;B
20240429;101056;164.51;10;10234397516;B
20240429;101057;164.5;80;10234397567;S
20240429;101057;164.5;610;10234397568;S
20240429;101057;164.5;200;10234397569;S
20240429;101057;164.5;110;10234397570;S
20240429;101057;164.51;10;10234397614;B
20240429;101059;164.5;20;10234397854;S
20240429;101104;164.5;200;10234398495;S
20240429;101104;164.5;1190;10234398520;S
20240429;101104;164.5;450;10234398521;S
20240429;101104;164.51;10;10234398545;B
20240429;101105;164.5;10;10234398696;S
20240429;101107;164.51;10;10234398984;B
20240429;101110;164.51;10;10234399217;B
20240429;101110;164.5;20;10234399246;S
20240429;101110;164.5;80;10234399277;S
20240429;101114;164.5;10;10234399654;S
20240429;101116;164.51;10;10234399898;B
20240429;101116;164.51;40;10234399950;B
20240429;101122;164.51;510;10234400814;B
20240429;101122;164.51;140;10234400815;B
20240429;101122;164.51;10;10234400816;B
20240429;101122;164.52;240;10234400817;B
20240429;101122;164.52;100;10234400818;B
20240429;101122;164.52;250;10234400820;B
20240429;101122;164.55;50;10234400822;B
20240429;101124;164.56;60;10234401086;S
20240429;101129;164.57;120;10234401707;B
20240429;101130;164.56;550;10234401848;S
20240429;101130;164.55;290;10234401849;S
20240429;101130;164.54;980;10234401850;S
20240429;101130;164.53;90;10234401851;S
20240429;101130;164.51;3660;10234401852;S
20240429;101130;164.51;10;10234401853;S
20240429;101130;164.51;50;10234401854;S
20240429;101130;164.5;290;10234401855;S
20240429;101130;164.52;480;10234401856;S
20240429;101135;164.54;100;10234402320;B
20240429;101135;164.54;200;10234402373;B
20240429;101135;164.54;40;10234402374;B
20240429;101137;164.51;250;10234402654;S
20240429;101139;164.51;10;10234402921;S
20240429;101141;164.51;10;10234403136;S
20240429;101142;164.51;10;10234403232;S
20240429;101143;164.51;330;10234403259;S
20240429;101143;164.51;170;10234403298;B
20240429;101143;164.51;500;10234403299;B
20240429;101143;164.51;330;10234403300;B
20240429;101147;164.51;10;10234403921;B
20240429;101148;164.51;20;10234404012;B
20240429;101149;164.5;10;10234404074;S
20240429;101151;164.5;50;10234404336;S
20240429;101154;164.5;600;10234404682;S
20240429;101156;164.51;70;10234404952;B
20240429;101156;164.51;10;10234404953;B
20240429;101157;164.51;10;10234405065;B
20240429;101200;164.51;10;10234405544;B
20240429;101202;164.5;800;10234405785;S
20240429;101206;164.51;30;10234406207;B
20240429;101206;164.51;270;10234406208;B
20240429;101209;164.51;10;10234406624;B
20240429;101209;164.51;10;10234406642;B
20240429;101210;164.51;500;10234406736;B
20240429;101211;164.51;10;10234406765;B
20240429;101211;164.51;10;10234406823;B
20240429;101212;164.51;20;10234406902;B
20240429;101213;164.51;20;10234406961;B
20240429;101216;164.51;10;10234407311;B
20240429;101217;164.51;140;10234407385;B
20240429;101217;164.51;500;10234407386;B
20240429;101217;164.51;1000;10234407387;B
20240429;101217;164.51;10;10234407388;B
20240429;101217;164.51;1650;10234407389;B
20240429;101217;164.51;430;10234407390;B
20240429;101217;164.52;10;10234407391;B
20240429;101218;164.53;120;10234407465;S
20240429;101218;164.56;200;10234407551;B
20240429;101218;164.59;10;10234407552;B
20240429;101218;164.6;30;10234407553;B
20240429;101219;164.56;10;10234407585;S
20240429;101221;164.56;20;10234407773;S
20240429;101221;164.56;500;10234407782;S
20240429;101222;164.6;10;10234407904;B
20240429;101222;164.6;230;10234407905;B
20240429;101222;164.6;10;10234407906;B
20240429;101222;164.6;40;10234407907;B
20240429;101222;164.6;210;10234407908;B
20240429;101226;164.6;120;10234408192;B
20240429;101229;164.6;300;10234408435;B
20240429;101229;164.6;200;10234408436;B
20240429;101236;164.57;10;10234409126;B
20240429;101240;164.57;30;10234409540;B
20240429;101240;164.56;20;10234409544;S
20240429;101240;164.57;270;10234409558;B
20240429;101240;164.58;320;10234409559;B
20240429;101240;164.59;90;10234409560;B
20240429;101240;164.6;60;10234409561;B
20240429;101240;164.6;260;10234409562;B
20240429;101240;164.6;900;10234409563;B
20240429;101240;164.61;110;10234409564;B
20240429;101240;164.61;50;10234409565;B
20240429;101240;164.61;160;10234409566;B
20240429;101244;164.58;290;10234410091;S
20240429;101250;164.6;30;10234410681;B
20240429;101257;164.57;110;10234411382;S
20240429;101301;164.56;660;10234411743;S
20240429;101301;164.56;10;10234411744;S
20240429;101301;164.56;100;10234411745;S
20240429;101301;164.56;780;10234411746;S
20240429;101308;164.54;10;10234412340;B
20240429;101311;164.56;10;10234412644;B
20240429;101312;164.53;100;10234412706;B
20240429;101313;164.51;100;10234412915;S
20240429;101313;164.51;30;10234412916;S
20240429;101313;164.51;200;10234412917;S
20240429;101313;164.51;80;10234412918;S
20240429;101314;164.54;10;10234412995;B
20240429;101317;164.56;1690;10234413367;B
20240429;101317;164.56;300;10234413368;B
20240429;101317;164.57;10;10234413369;B
20240429;101317;164.51;300;10234413374;S
20240429;101317;164.5;180;10234413375;S
20240429;101317;164.5;40;10234413376;S
20240429;101319;164.51;100;10234413545;S
20240429;101322;164.51;10;10234414307;B
20240429;101323;164.51;10;10234414377;B
20240429;101325;164.5;500;10234414649;S
20240429;101329;164.51;10;10234415025;B
20240429;101330;164.51;140;10234415140;B
20240429;101331;164.5;800;10234415170;S
20240429;101331;164.5;8660;10234415269;S
20240429;101331;164.5;1870;10234415270;S
20240429;101331;164.5;450;10234415271;S
20240429;101331;164.5;50;10234415272;S
20240429;101331;164.5;10;10234415273;S
20240429;101331;164.5;800;10234415274;S
20240429;101331;164.49;3160;10234415275;S
20240429;101334;164.49;20;10234415455;S
20240429;101336;164.5;10;10234415632;B
20240429;101338;164.5;150;10234415894;B
20240429;101338;164.49;7300;10234415904;S
20240429;101338;164.49;10;10234415905;S
20240429;101338;164.48;1000;10234415906;S
20240429;101338;164.48;10;10234415907;S
20240429;101338;164.47;90;10234415908;S
20240429;101338;164.47;350;10234415909;S
20240429;101338;164.46;10;10234415910;S
20240429;101338;164.46;50;10234415911;S
20240429;101338;164.45;100;10234415912;S
20240429;101338;164.45;20;10234415913;S
20240429;101338;164.44;1060;10234415914;S
20240429;101341;164.43;50;10234416244;B
20240429;101343;164.43;10;10234416434;B
20240429;101346;164.43;240;10234416780;B
20240429;101346;164.43;360;10234416781;B
20240429;101349;164.43;10;10234417115;B
20240429;101350;164.42;120;10234417305;S
20240429;101351;164.43;60;10234417322;B
20240429;101351;164.43;10;10234417339;B
20240429;101354;164.42;900;10234417699;S
20240429;101354;164.42;1000;10234417700;S
20240429;101354;164.41;100;10234417701;S
20240429;101354;164.41;70;10234417702;S
20240429;101354;164.41;90;10234417703;S
20240429;101354;164.41;90;10234417704;S
20240429;101354;164.4;100;10234417705;S
20240429;101354;164.4;50;10234417706;S
20240429;101354;164.4;20;10234417707;S
20240429;101354;164.4;10;10234417708;S
20240429;101354;164.4;320;10234417709;S
20240429;101354;164.4;10;10234417710;S
20240429;101354;164.4;100;10234417711;S
20240429;101354;164.39;1000;10234417712;S
20240429;101354;164.39;110;10234417713;S
20240429;101354;164.39;210;10234417714;S
20240429;101354;164.38;50;10234417715;S
20240429;101354;164.38;120;10234417716;S
20240429;101354;164.37;180;10234417717;S
20240429;101354;164.37;20;10234417744;S
20240429;101354;164.37;30;10234417745;S
20240429;101355;164.37;60;10234417810;S
20240429;101355;164.38;150;10234417839;B
20240429;101357;164.38;10;10234417996;B
20240429;101359;164.37;40;10234418214;S
20240429;101359;164.36;140;10234418215;S
20240429;101359;164.35;150;10234418216;S
20240429;101359;164.35;50;10234418217;S
20240429;101359;164.35;220;10234418218;S
20240429;101401;164.36;10;10234418443;B
20240429;101403;164.35;10;10234418691;S
20240429;101409;164.36;490;10234419552;B
20240429;101409;164.36;110;10234419553;B
20240429;101411;164.36;10;10234419820;B
20240429;101413;164.36;40;10234419911;B
20240429;101415;164.36;350;10234420079;B
20240429;101420;164.35;230;10234420579;S
20240429;101420;164.35;100;10234420580;S
20240429;101420;164.35;150;10234420581;S
20240429;101422;164.34;1910;10234420804;S
20240429;101422;164.34;500;10234420805;S
20240429;101422;164.34;160;10234420806;S
20240429;101422;164.34;2500;10234420807;S
20240429;101422;164.33;30;10234420808;S
20240429;101422;164.33;170;10234420809;S
20240429;101422;164.32;180;10234420810;S
20240429;101422;164.32;10;10234420811;S
20240429;101422;164.32;600;10234420812;S
20240429;101422;164.32;1170;10234420813;S
20240429;101422;164.32;360;10234420814;S
20240429;101422;164.31;190;10234420815;S
20240429;101422;164.31;90;10234420816;S
20240429;101422;164.3;100;10234420817;S
20240429;101422;164.3;200;10234420818;S
20240429;101422;164.3;10;10234420819;S
20240429;101422;164.3;20;10234420820;S
20240429;101422;164.3;50;10234420821;S
20240429;101422;164.3;300;10234420822;S
20240429;101422;164.29;210;10234420823;S
20240429;101422;164.29;50;10234420824;S
20240429;101422;164.28;60;10234420825;S
20240429;101422;164.29;50;10234420826;B
20240429;101422;164.28;10;10234420851;S
20240429;101422;164.28;10;10234420904;S
20240429;101425;164.28;140;10234421272;S
20240429;101425;164.27;20;10234421273;S
20240429;101425;164.26;240;10234421274;S
20240429;101425;164.26;10;10234421275;S
20240429;101425;164.26;80;10234421276;S
20240429;101425;164.25;10;10234421277;S
20240429;101425;164.25;100;10234421278;S
20240429;101425;164.24;1200;10234421279;S
20240429;101425;164.24;360;10234421280;S
20240429;101425;164.23;70;10234421281;S
20240429;101425;164.23;260;10234421282;S
20240429;101426;164.24;50;10234421578;B
20240429;101428;164.24;100;10234421752;B
20240429;101431;164.24;250;10234422037;B
20240429;101431;164.24;100;10234422038;B
20240429;101431;164.24;300;10234422039;B
20240429;101431;164.24;400;10234422040;B
20240429;101431;164.24;300;10234422041;B
20240429;101431;164.24;800;10234422042;B
20240429;101431;164.24;300;10234422043;B
20240429;101431;164.24;500;10234422044;B
20240429;101431;164.24;300;10234422045;B
20240429;101431;164.24;500;10234422046;B
20240429;101431;164.24;360;10234422047;B
20240429;101431;164.24;800;10234422048;B
20240429;101431;164.24;90;10234422049;B
20240429;101432;164.23;10;10234422224;S
20240429;101433;164.24;10;10234422274;B
20240429;101434;164.23;20;10234422315;S
20240429;101434;164.23;290;10234422316;S
20240429;101439;164.23;400;10234422880;B
20240429;101440;164.25;1000;10234423030;B
20240429;101440;164.25;360;10234423031;B
20240429;101445;164.3;10;10234423478;B
20240429;101446;164.3;10;10234423610;B
20240429;101449;164.3;6920;10234423891;B
20240429;101451;164.29;10;10234424049;S
20240429;101457;164.3;10;10234424830;B
20240429;101500;164.3;50;10234425339;B
20240429;101500;164.29;100;10234425367;S
20240429;101501;164.29;1000;10234425632;S
20240429;101501;164.29;800;10234425633;S
20240429;101501;164.29;710;10234425634;S
20240429;101501;164.29;290;10234425701;S
20240429;101501;164.29;310;10234425702;S
20240429;101502;164.29;50;10234425994;S
20240429;101503;164.29;230;10234426260;S
20240429;101505;164.3;10;10234426690;B
20240429;101506;164.3;1000;10234427178;B
20240429;101509;164.3;100;10234427921;B
20240429;101513;164.29;210;10234428780;S
20240429;101513;164.29;70;10234428781;S
20240429;101513;164.29;10;10234428949;S
20240429;101515;164.3;300;10234429332;B
20240429;101517;164.29;500;10234429803;S
20240429;101518;164.3;20;10234430045;B
20240429;101519;164.29;1000;10234430178;S
20240429;101519;164.29;800;10234430179;S
20240429;101519;164.29;10;10234430180;S
20240429;101519;164.29;1100;10234430181;S
20240429;101519;164.29;270;10234430182;S
20240429;101519;164.29;200;10234430183;S
20240429;101519;164.28;1000;10234430184;S
20240429;101519;164.27;220;10234430185;S
20240429;101519;164.27;300;10234430186;S
20240429;101519;164.26;1530;10234430187;S
20240429;101519;164.26;220;10234430188;S
20240429;101519;164.26;610;10234430189;S
20240429;101519;164.25;80;10234430190;S
20240429;101519;164.25;4020;10234430191;S
20240429;101519;164.25;50;10234430192;S
20240429;101519;164.25;220;10234430193;S
20240429;101519;164.24;8000;10234430194;S
20240429;101519;164.24;220;10234430195;S
20240429;101519;164.24;100;10234430196;S
20240429;101519;164.24;1000;10234430197;S
20240429;101519;164.23;220;10234430198;S
20240429;101519;164.23;800;10234430199;S
20240429;101519;164.23;500;10234430200;S
20240429;101519;164.23;1000;10234430201;S
20240429;101519;164.22;220;10234430202;S
20240429;101519;164.22;1000;10234430203;S
20240429;101519;164.22;1910;10234430204;S
20240429;101519;164.21;290;10234430205;S
20240429;101519;164.21;220;10234430206;S
20240429;101519;164.21;1000;10234430207;S
20240429;101519;164.21;250;10234430208;S
20240429;101519;164.21;3660;10234430209;S
20240429;101519;164.21;80;10234430210;S
20240429;101519;164.2;3000;10234430211;S
20240429;101519;164.2;10;10234430212;S
20240429;101519;164.2;10;10234430213;S
20240429;101519;164.2;10;10234430214;S
20240429;101519;164.2;100;10234430215;S
20240429;101519;164.2;20;10234430216;S
20240429;101519;164.2;220;10234430217;S
20240429;101519;164.2;300;10234430218;S
20240429;101519;164.2;100;10234430219;S
20240429;101519;164.2;1000;10234430220;S
20240429;101519;164.2;800;10234430221;S
20240429;101519;164.2;3000;10234430222;S
20240429;101519;164.19;10;10234430223;S
20240429;101519;164.19;310;10234430224;S
20240429;101519;164.19;220;10234430225;S
20240429;101519;164.19;1000;10234430226;S
20240429;101519;164.19;7790;10234430227;S
20240429;101522;164.22;30;10234430834;S
20240429;101525;164.22;30;10234431263;S
20240429;101525;164.22;70;10234431300;B
20240429;101530;164.22;10;10234432315;S
20240429;101530;164.22;10;10234432316;S
20240429;101531;164.23;10;10234432705;B
20240429;101534;164.22;390;10234433204;S
20240429;101534;164.22;370;10234433205;S
20240429;101534;164.21;1100;10234433206;S
20240429;101534;164.21;100;10234433207;S
20240429;101534;164.21;10;10234433208;S
20240429;101534;164.2;1000;10234433209;S
20240429;101534;164.2;1910;10234433210;S
20240429;101534;164.2;80;10234433211;S
20240429;101534;164.2;100;10234433212;S
20240429;101534;164.2;110;10234433213;S
20240429;101534;164.19;220;10234433214;S
20240429;101534;164.18;320;10234433215;S
20240429;101534;164.18;320;10234433216;S
20240429;101534;164.18;220;10234433217;S
20240429;101534;164.17;330;10234433218;S
20240429;101534;164.17;220;10234433219;S
20240429;101534;164.17;1530;10234433220;S
20240429;101534;164.17;610;10234433221;S
20240429;101534;164.17;2500;10234433222;S
20240429;101534;164.17;300;10234433223;S
20240429;101534;164.16;340;10234433224;S
20240429;101534;164.16;50;10234433225;S
20240429;101534;164.16;220;10234433226;S
20240429;101534;164.15;10;10234433227;S
20240429;101534;164.15;7470;10234433228;S
20240429;101539;164.19;300;10234434794;B
20240429;101539;164.19;200;10234434795;B
20240429;101542;164.2;800;10234435458;B
20240429;101542;164.2;800;10234435459;B
20240429;101542;164.2;300;10234435460;B
20240429;101548;164.2;1070;10234436647;S
20240429;101549;164.2;1270;10234436934;S
20240429;101551;164.21;10;10234437305;B
20240429;101551;164.21;10;10234437313;B
20240429;101551;164.2;100;10234437327;S
20240429;101554;164.21;20;10234438133;B
20240429;101557;164.21;40;10234438707;B
20240429;101601;164.21;10;10234439638;B
20240429;101604;164.2;760;10234440096;S
20240429;101604;164.2;240;10234440097;S
20240429;101608;164.2;10;10234440980;S
20240429;101609;164.21;70;10234441134;B
20240429;101610;164.21;10;10234441280;B
20240429;101617;164.2;150;10234442459;S
20240429;101617;164.2;370;10234442460;S
20240429;101617;164.2;100;10234442461;S
20240429;101617;164.2;10;10234442462;S
20240429;101617;164.2;200;10234442463;S
20240429;101617;164.19;550;10234442464;S
20240429;101617;164.18;390;10234442465;S
20240429;101617;164.18;230;10234442466;S
20240429;101618;164.21;250;10234442593;B
20240429;101621;164.21;50;10234443049;B
20240429;101623;164.21;40;10234443226;B
20240429;101628;164.21;30;10234443989;B
20240429;101630;164.21;250;10234444430;B
20240429;101633;164.19;40;10234444990;S
20240429;101633;164.19;270;10234444991;S
20240429;101640;164.19;880;10234446236;S
20240429;101644;164.2;10;10234447202;B
20240429;101646;164.2;10;10234447634;B
20240429;101647;164.19;10;10234447644;S
20240429;101651;164.19;30;10234448441;B
20240429;101652;164.19;30;10234448598;B
20240429;101656;164.19;10;10234449350;B
20240429;101656;164.19;80;10234449383;B
20240429;101656;164.18;380;10234449407;S
20240429;101656;164.17;40;10234449408;S
20240429;101656;164.17;580;10234449409;S
20240429;101659;164.19;380;10234449785;B
20240429;101659;164.19;800;10234449786;B
20240429;101659;164.19;30;10234449787;B
20240429;101702;164.19;110;10234450413;B
20240429;101702;164.19;10;10234450442;B
20240429;101711;164.19;10;10234452217;B
20240429;101712;164.17;10;10234452325;S
20240429;101712;164.19;90;10234452326;B
20240429;101712;164.19;500;10234452375;B
20240429;101715;164.19;10;10234452985;B
20240429;101716;164.19;30;10234453201;B
20240429;101719;164.19;10;10234453843;B
20240429;101724;164.19;10;10234454653;B
20240429;101726;164.19;1960;10234454845;B
20240429;101726;164.19;40;10234454846;B
20240429;101727;164.19;20;10234455017;B
20240429;101728;164.19;10;10234455214;B
20240429;101728;164.19;20;10234455221;B
20240429;101729;164.19;410;10234455476;B
20240429;101729;164.18;220;10234455485;S
20240429;101729;164.18;80;10234455486;S
20240429;101730;164.19;500;10234455518;B
20240429;101730;164.19;250;10234455519;B
20240429;101739;164.19;10;10234456854;B
20240429;101739;164.19;10;10234456868;B
20240429;101741;164.19;60;10234457142;B
20240429;101743;164.19;250;10234457403;B
20240429;101745;164.19;10;10234457675;B
20240429;101746;164.19;10;10234457874;B
20240429;101749;164.19;400;10234458204;B
20240429;101749;164.19;210;10234458205;B
20240429;101751;164.18;1020;10234458479;S
20240429;101751;164.18;800;10234458480;S
20240429;101751;164.18;300;10234458481;S
20240429;101751;164.18;220;10234458482;S
20240429;101751;164.18;260;10234458483;S
20240429;101751;164.18;320;10234458484;S
20240429;101751;164.17;1910;10234458485;S
20240429;101751;164.17;330;10234458486;S
20240429;101751;164.17;610;10234458487;S
20240429;101751;164.17;220;10234458488;S
20240429;101751;164.16;1910;10234458489;S
20240429;101751;164.16;220;10234458490;S
20240429;101751;164.16;500;10234458491;S
20240429;101751;164.16;340;10234458492;S
20240429;101751;164.15;350;10234458493;S
20240429;101751;164.15;220;10234458494;S
20240429;101751;164.15;70;10234458495;S
20240429;101751;164.15;400;10234458496;B
20240429;101752;164.17;190;10234458618;S
20240429;101752;164.17;20;10234458628;S
20240429;101753;164.18;250;10234458733;B
20240429;101754;164.18;10;10234458889;S
20240429;101756;164.19;10;10234459163;B
20240429;101759;164.18;100;10234459545;S
20240429;101800;164.19;10;10234459703;B
20240429;101800;164.18;110;10234459755;S
20240429;101800;164.18;40;10234459756;S
20240429;101800;164.19;500;10234459836;B
20240429;101807;164.19;90;10234461388;B
20240429;101807;164.2;10;10234461420;B
20240429;101813;164.19;10;10234462500;S
20240429;101813;164.19;20;10234462501;S
20240429;101820;164.2;20;10234463437;B
20240429;101821;164.2;10;10234463481;B
20240429;101822;164.2;250;10234463665;B
20240429;101822;164.2;150;10234463666;B
20240429;101823;164.2;10;10234463859;B
20240429;101833;164.19;310;10234465393;S
20240429;101838;164.2;10;10234466106;B
20240429;101839;164.19;110;10234466195;S
20240429;101841;164.19;80;10234466412;S
20240429;101847;164.2;110;10234467370;B
20240429;101847;164.2;10;10234467399;B
20240429;101851;164.2;10;10234467979;B
20240429;101853;164.2;500;10234468248;B
20240429;101853;164.2;10;10234468249;B
20240429;101854;164.21;100;10234468447;B
20240429;101901;164.2;20;10234469791;S
20240429;101903;164.2;290;10234469980;S
20240429;101903;164.2;610;10234469981;S
20240429;101903;164.2;1000;10234469982;S
20240429;101903;164.2;500;10234469983;S
20240429;101906;164.2;50;10234470380;S
20240429;101909;164.21;10;10234470910;B
20240429;101910;164.21;5810;10234471261;B
20240429;101911;164.21;20;10234471635;B
20240429;101912;164.2;20;10234471920;S
20240429;101914;164.21;30;10234472513;B
20240429;101915;164.21;6170;10234472807;B
20240429;101918;164.21;20;10234473436;B
20240429;101921;164.21;200;10234473841;B
20240429;101923;164.2;10;10234474122;S
20240429;101923;164.2;10;10234474123;S
20240429;101923;164.2;10;10234474124;S
20240429;101923;164.2;10;10234474125;S
20240429;101923;164.2;10;10234474126;S
20240429;101923;164.2;10;10234474127;S
20240429;101923;164.2;50;10234474128;S
20240429;101923;164.21;10;10234474155;B
20240429;101927;164.21;370;10234474806;B
20240429;101928;164.21;10;10234474832;B
20240429;101928;164.21;10;10234474939;B
20240429;101930;164.21;10;10234475395;B
20240429;101938;164.21;10;10234477304;B
20240429;101941;164.21;10;10234478175;B
20240429;101941;164.21;2000;10234478199;B
20240429;101942;164.21;20;10234478338;B
20240429;101950;164.21;60;10234479561;B
20240429;101958;164.21;10;10234481073;B
20240429;101958;164.21;10;10234481149;B
20240429;102002;164.21;10;10234481938;B
20240429;102002;164.21;20;10234481970;B
20240429;102005;164.2;10;10234482648;S
20240429;102010;164.2;10;10234483586;S
20240429;102010;164.21;20;10234483620;B
20240429;102011;164.21;10;10234483679;B
20240429;102014;164.21;10;10234484206;B
20240429;102016;164.2;250;10234484686;S
20240429;102018;164.21;100;10234486025;B
20240429;102019;164.21;10;10234487193;B
20240429;102025;164.21;10;10234490282;B
20240429;102025;164.21;10;10234490521;B
20240429;102027;164.21;70;10234492510;B
20240429;102033;164.2;10;10234496045;S
20240429;102033;164.2;10;10234496046;S
20240429;102033;164.2;480;10234496047;S
20240429;102034;164.21;20;10234496198;B
20240429;102034;164.2;310;10234496230;S
20240429;102036;164.2;20;10234497060;S
20240429;102036;164.2;30;10234497061;S
20240429;102037;164.2;50;10234497750;S
20240429;102037;164.21;100;10234497759;B
20240429;102037;164.2;320;10234497772;S
20240429;102037;164.2;10;10234497773;S
20240429;102037;164.2;1100;10234497774;S
20240429;102037;164.2;20;10234497775;S
20240429;102037;164.2;1530;10234497776;S
20240429;102043;164.2;20;10234500602;B
20240429;102046;164.19;10;10234501942;S
20240429;102054;164.2;20;10234504383;B
20240429;102058;164.2;100;10234506442;B
20240429;102102;164.2;80;10234508584;B
20240429;102107;164.2;130;10234510448;B
20240429;102109;164.19;40;10234511111;S
20240429;102114;164.2;30;10234512560;B
20240429;102114;164.2;100;10234512572;B
20240429;102116;164.2;50;10234512893;B
20240429;102119;164.19;20;10234513469;S
20240429;102119;164.2;90;10234513524;B
20240429;102120;164.19;180;10234514680;S
20240429;102120;164.19;720;10234514681;S
20240429;102120;164.19;280;10234514726;S
20240429;102120;164.19;10;10234514727;S
20240429;102120;164.19;200;10234514728;S
20240429;102120;164.19;50;10234514729;S
20240429;102120;164.19;3300;10234514730;S
20240429;102120;164.19;430;10234514731;S
20240429;102125;164.18;10;10234516528;S
20240429;102125;164.18;1440;10234516529;S
20240429;102126;164.18;1470;10234517291;S
20240429;102126;164.18;10;10234517694;S
20240429;102128;164.18;1080;10234518035;S
20240429;102128;164.17;50;10234518036;S
20240429;102128;164.17;330;10234518037;S
20240429;102128;164.17;140;10234518038;S
20240429;102128;164.16;1000;10234518189;S
20240429;102128;164.16;340;10234518190;S
20240429;102128;164.15;350;10234518191;S
20240429;102128;164.15;50;10234518192;S
20240429;102128;164.14;10;10234518193;S
20240429;102128;164.14;50;10234518194;S
20240429;102128;164.14;860;10234518327;S
20240429;102128;164.14;360;10234518328;S
20240429;102128;164.14;500;10234518329;S
20240429;102128;164.14;1050;10234518511;S
20240429;102128;164.14;430;10234518512;S
20240429;102128;164.13;170;10234518513;S
20240429;102129;164.13;200;10234519024;S
20240429;102129;164.13;20;10234519025;S
20240429;102129;164.13;50;10234519026;S
20240429;102129;164.12;380;10234519027;S
20240429;102129;164.12;50;10234519028;S
20240429;102129;164.12;10;10234519029;S
20240429;102129;164.12;500;10234519030;S
20240429;102129;164.12;370;10234519031;S
20240429;102129;164.12;1510;10234519094;S
20240429;102131;164.12;10;10234519818;S
20240429;102141;164.12;30;10234523310;S
20240429;102141;164.13;250;10234523447;B
20240429;102143;164.12;10;10234524126;S
20240429;102143;164.13;20;10234524167;B
20240429;102144;164.12;50;10234525148;S
20240429;102145;164.13;10;10234525234;B
20240429;102145;164.13;40;10234525298;B
20240429;102146;164.13;10;10234525609;B
20240429;102147;164.12;30;10234525672;S
20240429;102149;164.13;170;10234525935;B
20240429;102149;164.13;330;10234525936;B
20240429;102152;164.13;10;10234526627;B
20240429;102156;164.12;100;10234529012;S
20240429;102157;164.13;20;10234529497;B
20240429;102157;164.12;10;10234529581;S
20240429;102200;164.12;20;10234529913;S
20240429;102200;164.12;1730;10234530057;S
20240429;102200;164.12;3710;10234530152;S
20240429;102200;164.12;1930;10234530219;S
20240429;102201;164.12;1850;10234530394;S
20240429;102201;164.12;1950;10234530842;S
20240429;102201;164.12;4880;10234530902;S
20240429;102201;164.12;1870;10234531035;S
20240429;102201;164.12;10;10234531036;S
20240429;102201;164.12;1790;10234531184;S
20240429;102201;164.12;10;10234531185;S
20240429;102202;164.12;1710;10234531287;S
20240429;102202;164.12;1640;10234531360;S
20240429;102202;164.12;10;10234531361;S
20240429;102202;164.12;1570;10234531450;S
20240429;102202;164.12;20;10234531451;S
20240429;102203;164.12;20;10234531810;S
20240429;102204;164.12;40;10234533251;S
20240429;102207;164.12;70;10234534613;S
20240429;102207;164.12;120;10234534614;S
20240429;102207;164.12;10;10234534615;S
20240429;102207;164.12;100;10234534616;S
20240429;102207;164.11;390;10234534617;S
20240429;102207;164.11;50;10234534618;S
20240429;102207;164.11;80;10234534619;S
20240429;102207;164.11;20;10234534620;S
20240429;102207;164.1;10;10234534621;S
20240429;102207;164.1;100;10234534622;S
20240429;102207;164.1;500;10234534623;S
20240429;102207;164.1;10;10234534624;S
20240429;102207;164.1;300;10234534625;S
20240429;102207;164.1;90;10234534626;S
20240429;102215;164.11;10;10234537167;B
20240429;102217;164.1;10;10234537631;S
20240429;102218;164.11;10;10234539714;B
20240429;102222;164.1;10;10234541222;S
20240429;102231;164.1;70;10234545344;S
20240429;102233;164.1;140;10234546430;S
20240429;102233;164.1;100;10234546431;S
20240429;102233;164.1;70;10234546432;S
20240429;102240;164.1;130;10234550024;S
20240429;102242;164.11;530;10234550727;B
20240429;102245;164.11;30;10234551981;B
20240429;102246;164.1;80;10234553101;S
20240429;102249;164.1;20;10234554958;S
20240429;102249;164.1;100;10234555033;S
20240429;102249;164.1;50;10234555034;S
20240429;102249;164.1;100;10234555035;S
20240429;102249;164.1;70;10234555036;S
20240429;102249;164.1;10;10234555037;S
20240429;102249;164.1;30;10234555038;S
20240429;102249;164.1;40;10234555039;S
20240429;102249;164.1;500;10234555040;S
20240429;102249;164.09;10;10234555041;S
20240429;102249;164.09;410;10234555042;S
20240429;102249;164.09;50;10234555043;S
20240429;102249;164.09;110;10234555044;S
20240429;102249;164.08;20;10234555045;S
20240429;102249;164.09;30;10234555064;B
20240429;102251;164.08;100;10234555640;S
20240429;102252;164.09;90;10234556279;B
20240429;102254;164.08;10;10234556909;S
20240429;102256;164.08;10;10234557391;S
20240429;102256;164.09;360;10234557477;B
20240429;102258;164.09;10;10234559923;B
20240429;102301;164.08;10;10234561302;S
20240429;102302;164.08;20;10234561585;S
20240429;102304;164.09;10;10234561930;B
20240429;102304;164.08;30;10234562354;S
20240429;102305;164.08;800;10234562558;S
20240429;102305;164.08;420;10234562559;S
20240429;102305;164.08;110;10234562560;S
20240429;102306;164.09;10;10234562922;B
20240429;102306;164.08;890;10234562961;S
20240429;102306;164.07;10;10234562962;S
20240429;102306;164.07;100;10234562963;S
20240429;102306;164.07;50;10234562964;S
20240429;102306;164.07;120;10234562965;S
20240429;102306;164.07;50;10234562966;S
20240429;102306;164.07;500;10234562967;S
20240429;102306;164.07;10;10234562968;S
20240429;102306;164.07;430;10234562969;S
20240429;102306;164.07;380;10234562970;S
20240429;102306;164.07;1000;10234562971;S
20240429;102306;164.07;10;10234562972;S
20240429;102306;164.07;250;10234562973;S
20240429;102306;164.07;20;10234562974;S
20240429;102306;164.07;100;10234562975;S
20240429;102306;164.07;480;10234562976;S
20240429;102306;164.06;10;10234562977;S
20240429;102306;164.06;10;10234562978;S
20240429;102306;164.06;10;10234562979;S
20240429;102306;164.06;10;10234562980;S
20240429;102306;164.06;20;10234562981;S
20240429;102306;164.06;200;10234562982;S
20240429;102306;164.06;10;10234562983;S
20240429;102306;164.06;10;10234562984;S
20240429;102306;164.06;10;10234562985;S
20240429;102306;164.06;10;10234562986;S
20240429;102306;164.06;10;10234562987;S
20240429;102306;164.06;10;10234562988;S
20240429;102306;164.06;10;10234562989;S
20240429;102306;164.06;10;10234562990;S
20240429;102306;164.06;10;10234562991;S
20240429;102306;164.06;30;10234562992;S
20240429;102306;164.06;10;10234562993;S
20240429;102306;164.06;60;10234562994;S
20240429;102306;164.06;10;10234562995;S
20240429;102306;164.06;10;10234562996;S
20240429;102306;164.06;10;10234562997;S
20240429;102306;164.06;20;10234562998;S
20240429;102306;164.06;10;10234562999;S
20240429;102306;164.06;10;10234563000;S
20240429;102306;164.06;10;10234563001;S
20240429;102306;164.06;10;10234563002;S
20240429;102306;164.06;50;10234563003;S
20240429;102306;164.06;50;10234563004;S
20240429;102306;164.06;10;10234563005;S
20240429;102306;164.06;20;10234563006;S
20240429;102306;164.06;40;10234563007;S
20240429;102306;164.06;50;10234563008;S
20240429;102306;164.06;10;10234563009;S
20240429;102306;164.06;300;10234563010;S
20240429;102306;164.06;10;10234563011;S
20240429;102306;164.06;60;10234563012;S
20240429;102306;164.06;10;10234563013;S
20240429;102306;164.06;40;10234563014;S
20240429;102306;164.06;10;10234563015;S
20240429;102306;164.06;10;10234563016;S
20240429;102306;164.06;10;10234563017;S
20240429;102306;164.06;30;10234563018;S
20240429;102306;164.06;10;10234563019;S
20240429;102306;164.06;40;10234563020;S
20240429;102306;164.06;4600;10234563021;S
20240429;102306;164.06;10;10234563022;S
20240429;102306;164.06;100;10234563023;S
20240429;102306;164.06;10;10234563024;S
20240429;102306;164.06;10;10234563025;S
20240429;102306;164.06;500;10234563026;S
20240429;102306;164.06;20;10234563027;S
20240429;102306;164.06;10;10234563028;S
20240429;102306;164.06;250;10234563029;S
20240429;102306;164.06;70;10234563030;S
20240429;102306;164.06;10940;10234563031;S
20240429;102306;164.06;40;10234563151;S
20240429;102315;164.06;30;10234567958;S
20240429;102316;164.07;750;10234568448;B
20240429;102330;164.06;250;10234575489;S
20240429;102338;164.07;10;10234578754;B
20240429;102344;164.06;80;10234580687;S
20240429;102344;164.06;60;10234580844;S
20240429;102344;164.06;620;10234580845;S
20240429;102344;164.06;180;10234580846;S
20240429;102344;164.06;240;10234580847;S
20240429;102344;164.06;180;10234580849;S
20240429;102344;164.06;80;10234580850;S
20240429;102344;164.06;120;10234580851;S
20240429;102344;164.06;80;10234580853;S
20240429;102344;164.06;90;10234580854;S
20240429;102344;164.06;100;10234580855;S
20240429;102344;164.06;90;10234580856;S
20240429;102344;164.06;120;10234580871;S
20240429;102344;164.06;70;10234580873;S
20240429;102344;164.06;70;10234580877;S
20240429;102344;164.06;130;10234580881;S
20240429;102344;164.06;200;10234580891;S
20240429;102344;164.06;80;10234580900;S
20240429;102344;164.06;80;10234580904;S
20240429;102344;164.06;70;10234580909;S
20240429;102344;164.06;100;10234580914;S
20240429;102344;164.06;70;10234580915;S
20240429;102344;164.07;600;10234581070;B
20240429;102345;164.07;190;10234582054;B
20240429;102345;164.07;10;10234582055;B
20240429;102347;164.06;80;10234582827;S
20240429;102347;164.06;290;10234582829;S
20240429;102347;164.06;60;10234582832;S
20240429;102347;164.06;110;10234582833;S
20240429;102347;164.06;240;10234582835;S
20240429;102352;164.07;10;10234584000;B
20240429;102352;164.07;10;10234584376;B
20240429;102355;164.07;10;10234585716;B
20240429;102407;164.07;10;10234589720;B
20240429;102407;164.07;50;10234589827;B
20240429;102414;164.07;300;10234592951;B
20240429;102415;164.06;3050;10234593408;S
20240429;102415;164.06;400;10234593409;S
20240429;102415;164.06;100;10234593410;S
20240429;102415;164.06;500;10234593411;S
20240429;102415;164.06;300;10234593412;S
20240429;102430;164.07;100;10234599727;B
