<DATE>;<TIME>;<LAST>;<VOL>;<ID>;<OPER>
20240131;095954;163.420000000;60;9496141306;B
20240131;095954;163.420000000;30;9496141307;B
20240131;095954;163.420000000;10;9496141308;B
20240131;095954;163.420000000;110;9496141309;B
20240131;095954;163.420000000;490;9496141310;B
20240131;095954;163.420000000;100;9496141311;B
20240131;095954;163.420000000;10;9496141312;B
20240131;095954;163.420000000;10;9496141313;B
20240131;095954;163.420000000;50;9496141314;B
20240131;095954;163.420000000;20;9496141315;B
20240131;095954;163.420000000;20;9496141316;S
20240131;095954;163.420000000;10;9496141317;S
20240131;095954;163.420000000;10;9496141318;B
20240131;095954;163.420000000;20;9496141319;B
20240131;095954;163.420000000;10;9496141320;B
20240131;095954;163.420000000;10;9496141321;B
20240131;095954;163.420000000;10;9496141322;S
20240131;095954;163.420000000;20;9496141323;S
20240131;095954;163.420000000;100;9496141324;S
20240131;095954;163.420000000;20;9496141325;S
20240131;095954;163.420000000;10;9496141326;S
20240131;095954;163.420000000;40;9496141327;S
20240131;095954;163.420000000;10;9496141328;S
20240131;095954;163.420000000;300;9496141329;S
20240131;095954;163.420000000;10;9496141330;S
20240131;095954;163.420000000;20;9496141331;S
20240131;095954;163.420000000;50;9496141332;S
20240131;095954;163.420000000;50;9496141333;S
20240131;095954;163.420000000;10;9496141334;S
20240131;095954;163.420000000;10;9496141335;S
20240131;095954;163.420000000;10;9496141336;B
20240131;095954;163.420000000;150;9496141337;B
20240131;095954;163.420000000;130;9496141338;B
20240131;095954;163.420000000;500;9496141339;B
20240131;095954;163.420000000;30;9496141340;S
20240131;095954;163.420000000;10;9496141341;S
20240131;095954;163.420000000;10;9496141342;S
20240131;095954;163.420000000;10;9496141343;S
20240131;095954;163.420000000;400;9496141344;S
20240131;095954;163.420000000;140;9496141345;S
20240131;095954;163.420000000;1000;9496141346;S
20240131;095954;163.420000000;100;9496141347;S
20240131;095954;163.420000000;20;9496141348;S
20240131;095954;163.420000000;20;9496141349;S
20240131;095954;163.420000000;10;9496141350;S
20240131;095954;163.420000000;200;9496141351;S
20240131;095954;163.420000000;30;9496141352;S
20240131;095954;163.420000000;750;9496141353;S
20240131;095954;163.420000000;10;9496141354;S
20240131;095954;163.420000000;30;9496141355;B
20240131;095954;163.420000000;30;9496141356;B
20240131;095954;163.420000000;150;9496141357;S
20240131;095954;163.420000000;10;9496141358;S
20240131;095954;163.420000000;10;9496141359;S
20240131;095954;163.420000000;10;9496141360;S
20240131;095954;163.420000000;10;9496141361;S
20240131;095954;163.420000000;110;9496141362;S
20240131;095954;163.420000000;30;9496141363;B
20240131;095954;163.420000000;10;9496141364;B
20240131;095954;163.420000000;60;9496141365;B
20240131;095954;163.420000000;40;9496141366;B
20240131;095954;163.420000000;10;9496141367;B
20240131;095954;163.420000000;30;9496141368;B
20240131;095954;163.420000000;60;9496141369;B
20240131;095954;163.420000000;10;9496141370;B
20240131;095954;163.420000000;1100;9496141371;B
20240131;095954;163.420000000;10;9496141372;B
20240131;095954;163.420000000;10;9496141373;B
20240131;095954;163.420000000;10;9496141374;B
20240131;095954;163.420000000;10;9496141375;B
20240131;095954;163.420000000;10;9496141376;B
20240131;095954;163.420000000;1000;9496141377;B
20240131;095954;163.420000000;1990;9496141378;B
20240131;095954;163.420000000;10;9496141379;B
20240131;095954;163.420000000;3000;9496141380;B
20240131;095954;163.420000000;100;9496141381;B
20240131;095954;163.420000000;10;9496141382;S
20240131;095954;163.420000000;100;9496141383;B
20240131;095954;163.420000000;10;9496141384;S
20240131;095954;163.420000000;10;9496141385;S
20240131;095954;163.420000000;10;9496141386;S
20240131;095954;163.420000000;10;9496141387;S
20240131;095954;163.420000000;30;9496141388;S
20240131;095954;163.420000000;10;9496141389;S
20240131;095954;163.420000000;10;9496141390;S
20240131;095954;163.420000000;10;9496141391;S
20240131;095954;163.420000000;10;9496141392;S
20240131;095954;163.420000000;10;9496141393;S
20240131;095954;163.420000000;10;9496141394;S
20240131;095954;163.420000000;20;9496141395;S
20240131;095954;163.420000000;10;9496141396;S
20240131;095954;163.420000000;10;9496141397;S
20240131;095954;163.420000000;20;9496141398;S
20240131;095954;163.420000000;10;9496141399;S
20240131;095954;163.420000000;10;9496141400;S
20240131;095954;163.420000000;50;9496141401;S
20240131;095954;163.420000000;10;9496141402;S
20240131;095954;163.420000000;30;9496141403;S
20240131;095954;163.420000000;500;9496141404;S
20240131;095954;163.420000000;10;9496141405;S
20240131;095954;163.420000000;50;9496141406;S
20240131;095954;163.420000000;10;9496141407;S
20240131;095954;163.420000000;40;9496141408;S
20240131;095954;163.420000000;10;9496141409;S
20240131;095954;163.420000000;70;9496141410;S
20240131;095954;163.420000000;10;9496141411;S
20240131;095954;163.420000000;130;9496141412;B
20240131;095954;163.420000000;10;9496141413;B
20240131;095954;163.420000000;10;9496141414;B
20240131;095954;163.420000000;200;9496141415;B
20240131;095954;163.420000000;10;9496141416;B
20240131;095954;163.420000000;10;9496141417;B
20240131;095954;163.420000000;240;9496141418;B
20240131;100000;163.410000000;10;9496142749;S
20240131;100001;163.350000000;240;9496143638;S
20240131;100001;163.350000000;240;9496143657;S
20240131;100001;163.350000000;230;9496143706;S
20240131;100001;163.350000000;700;9496143761;S
20240131;100001;163.350000000;250;9496143787;S
20240131;100001;163.350000000;480;9496143834;S
20240131;100001;163.340000000;1300;9496143860;S
20240131;100001;163.340000000;840;9496143886;S
20240131;100001;163.330000000;60;9496143904;S
20240131;100001;163.340000000;200;9496144668;B
20240131;100001;163.340000000;50;9496144745;B
20240131;100002;163.300000000;10;9496144881;S
20240131;100002;163.300000000;10;9496144882;S
20240131;100002;163.350000000;60;9496144948;B
20240131;100002;163.350000000;1940;9496144949;B
20240131;100002;163.290000000;220;9496144972;S
20240131;100002;163.290000000;230;9496144973;S
20240131;100002;163.300000000;80;9496145082;B
20240131;100002;163.290000000;1240;9496145092;S
20240131;100002;163.340000000;10;9496145128;B
20240131;100002;163.310000000;40;9496145717;S
20240131;100002;163.310000000;60;9496145718;S
20240131;100003;163.380000000;80;9496146027;B
20240131;100003;163.350000000;80;9496146028;B
20240131;100004;163.380000000;10;9496146225;B
20240131;100004;163.380000000;10;9496146226;B
20240131;100004;163.300000000;220;9496146401;S
20240131;100004;163.300000000;20;9496146402;S
20240131;100004;163.300000000;20;9496146403;S
20240131;100004;163.380000000;10;9496146404;B
20240131;100004;163.370000000;10;9496146405;B
20240131;100004;163.370000000;10;9496146406;B
20240131;100005;163.320000000;20;9496146783;S
20240131;100005;163.380000000;10;9496147032;B
20240131;100005;163.380000000;10;9496147037;B
20240131;100005;163.320000000;3000;9496147050;S
20240131;100005;163.320000000;3000;9496147053;S
20240131;100005;163.380000000;10;9496147102;B
20240131;100005;163.380000000;10;9496147111;B
20240131;100005;163.380000000;10;9496147113;B
20240131;100005;163.380000000;10;9496147119;B
20240131;100005;163.320000000;50;9496147330;S
20240131;100005;163.380000000;20;9496147354;B
20240131;100005;163.380000000;10;9496147366;B
20240131;100005;163.380000000;70;9496147369;B
20240131;100005;163.380000000;70;9496147522;B
20240131;100005;163.380000000;10;9496147524;B
20240131;100005;163.380000000;10;9496147526;B
20240131;100005;163.320000000;10;9496147530;S
20240131;100005;163.380000000;20;9496147532;B
20240131;100005;163.320000000;10;9496147700;S
20240131;100005;163.380000000;10;9496147712;B
20240131;100005;163.380000000;10;9496147717;B
20240131;100005;163.380000000;10;9496147776;B
20240131;100005;163.390000000;20;9496147777;B
20240131;100005;163.320000000;10;9496148124;S
20240131;100005;163.380000000;10;9496148127;B
20240131;100005;163.370000000;10;9496148128;B
20240131;100005;163.370000000;10;9496148136;B
20240131;100005;163.370000000;10;9496148138;B
20240131;100005;163.360000000;10;9496148142;B
20240131;100006;163.320000000;50;9496148309;S
20240131;100006;163.320000000;320;9496148310;S
20240131;100006;163.410000000;30;9496148311;B
20240131;100006;163.410000000;10;9496148312;B
20240131;100006;163.410000000;10;9496148320;B
20240131;100006;163.410000000;10;9496148322;B
20240131;100006;163.410000000;10;9496148325;B
20240131;100006;163.410000000;10;9496148596;B
20240131;100006;163.410000000;10;9496148905;B
20240131;100006;163.410000000;50;9496148983;B
20240131;100006;163.360000000;10;9496148984;S
20240131;100006;163.410000000;10;9496149002;B
20240131;100006;163.360000000;30;9496149004;S
20240131;100006;163.410000000;10;9496149005;B
20240131;100006;163.370000000;190;9496149147;S
20240131;100006;163.370000000;10;9496149226;S
20240131;100006;163.410000000;10;9496149231;B
20240131;100006;163.410000000;10;9496149235;B
20240131;100006;163.410000000;10;9496149240;B
20240131;100006;163.370000000;10;9496149244;S
20240131;100006;163.370000000;10;9496149384;S
20240131;100006;163.410000000;10;9496149385;B
20240131;100006;163.410000000;10;9496149386;B
20240131;100006;163.410000000;10;9496149388;B
20240131;100007;163.380000000;320;9496149591;S
20240131;100007;163.400000000;20;9496149740;S
20240131;100007;163.400000000;100;9496149741;S
20240131;100007;163.410000000;100;9496149827;B
20240131;100007;163.410000000;10;9496149857;B
20240131;100007;163.420000000;10;9496149859;B
20240131;100007;163.410000000;10;9496149864;B
20240131;100007;163.410000000;10;9496149865;B
20240131;100007;163.410000000;10;9496149866;B
20240131;100007;163.420000000;50;9496149870;B
20240131;100007;163.420000000;30;9496149871;B
20240131;100007;163.420000000;10;9496149981;B
20240131;100007;163.400000000;20;9496150074;S
20240131;100007;163.420000000;10;9496150075;B
20240131;100007;163.420000000;10;9496150076;B
20240131;100007;163.420000000;20;9496150173;B
20240131;100007;163.420000000;10;9496150175;B
20240131;100007;163.420000000;10;9496150176;B
20240131;100008;163.420000000;180;9496150403;B
20240131;100008;163.420000000;40;9496150489;B
20240131;100008;163.400000000;10;9496150524;S
20240131;100008;163.420000000;10;9496150525;B
20240131;100008;163.420000000;10;9496150527;B
20240131;100008;163.420000000;10;9496150528;B
20240131;100008;163.400000000;150;9496150529;S
20240131;100008;163.420000000;10;9496150530;B
20240131;100008;163.400000000;90;9496150741;S
20240131;100008;163.420000000;10;9496150765;B
20240131;100009;163.400000000;30;9496150925;S
20240131;100010;163.400000000;110;9496151090;S
20240131;100010;163.410000000;10;9496151178;B
20240131;100010;163.420000000;170;9496151399;B
20240131;100010;163.420000000;40;9496151403;B
20240131;100010;163.420000000;90;9496151467;B
20240131;100010;163.420000000;30;9496151468;B
20240131;100011;163.400000000;120;9496151551;S
20240131;100011;163.420000000;30;9496151565;B
20240131;100011;163.420000000;120;9496151614;B
20240131;100011;163.400000000;250;9496151713;S
20240131;100011;163.400000000;70;9496151715;S
20240131;100011;163.400000000;30;9496151726;S
20240131;100011;163.420000000;20;9496151859;B
20240131;100012;163.410000000;10;9496151982;B
20240131;100012;163.420000000;10;9496151983;B
20240131;100012;163.420000000;200;9496151992;B
20240131;100012;163.420000000;10;9496152122;B
20240131;100013;163.420000000;50;9496152262;B
20240131;100013;163.420000000;300;9496152421;B
20240131;100013;163.420000000;20;9496152446;B
20240131;100014;163.420000000;20;9496152559;B
20240131;100014;163.390000000;10;9496152587;S
20240131;100014;163.380000000;110;9496152588;S
20240131;100014;163.420000000;20;9496152702;B
20240131;100015;163.420000000;20;9496152865;B
20240131;100016;163.420000000;20;9496153101;B
20240131;100017;163.420000000;20;9496153192;B
20240131;100018;163.410000000;10;9496153521;B
20240131;100018;163.420000000;10;9496153522;B
20240131;100018;163.400000000;20;9496153601;S
20240131;100019;163.420000000;150;9496153764;B
20240131;100019;163.420000000;170;9496153765;B
20240131;100019;163.420000000;50;9496153766;B
20240131;100019;163.430000000;2000;9496153767;B
20240131;100019;163.430000000;50;9496153768;B
20240131;100019;163.430000000;200;9496153769;B
20240131;100019;163.440000000;200;9496153770;B
20240131;100019;163.450000000;10;9496153771;B
20240131;100019;163.450000000;1000;9496153772;B
20240131;100019;163.450000000;2140;9496153773;B
20240131;100019;163.450000000;300;9496153774;B
20240131;100019;163.460000000;10;9496153775;B
20240131;100019;163.460000000;1000;9496153776;B
20240131;100019;163.470000000;1680;9496153777;B
20240131;100019;163.470000000;1000;9496153778;B
20240131;100019;163.480000000;10;9496153779;B
20240131;100019;163.480000000;1000;9496153780;B
20240131;100019;163.480000000;1840;9496153781;B
20240131;100019;163.480000000;1740;9496153782;B
20240131;100019;163.490000000;10;9496153783;B
20240131;100019;163.490000000;1500;9496153784;B
20240131;100019;163.490000000;10;9496153785;B
20240131;100019;163.490000000;10;9496153786;B
20240131;100019;163.490000000;30;9496153787;B
20240131;100019;163.490000000;1000;9496153788;B
20240131;100019;163.490000000;3000;9496153789;B
20240131;100019;163.500000000;10;9496153790;B
20240131;100019;163.500000000;10;9496153791;B
20240131;100019;163.500000000;160;9496153792;B
20240131;100019;163.500000000;10;9496153793;B
20240131;100019;163.500000000;50;9496153794;B
20240131;100019;163.500000000;60;9496153795;B
20240131;100019;163.500000000;10;9496153796;B
20240131;100019;163.500000000;10;9496153797;B
20240131;100019;163.500000000;50;9496153798;B
20240131;100019;163.500000000;2020;9496153799;B
20240131;100019;163.500000000;390;9496153848;B
20240131;100019;163.500000000;100;9496153853;B
20240131;100019;163.500000000;20;9496153860;B
20240131;100019;163.500000000;350;9496153862;B
20240131;100019;163.500000000;1500;9496153863;B
20240131;100020;163.500000000;10;9496153940;B
20240131;100020;163.500000000;20;9496153959;B
20240131;100020;163.500000000;100;9496153962;B
20240131;100020;163.470000000;20;9496154086;S
20240131;100020;163.470000000;20;9496154087;S
20240131;100020;163.450000000;260;9496154088;S
20240131;100020;163.500000000;500;9496154089;B
20240131;100021;163.500000000;10;9496154121;B
20240131;100021;163.500000000;30;9496154202;B
20240131;100022;163.500000000;60;9496154342;B
20240131;100022;163.500000000;290;9496154343;B
20240131;100022;163.500000000;220;9496154344;B
20240131;100022;163.500000000;230;9496154345;B
20240131;100022;163.500000000;390;9496154346;B
20240131;100022;163.500000000;1500;9496154347;B
20240131;100022;163.480000000;10;9496154446;S
20240131;100022;163.500000000;500;9496154506;B
20240131;100023;163.480000000;1000;9496154552;S
20240131;100023;163.470000000;20;9496154562;S
20240131;100023;163.470000000;70;9496154563;S
20240131;100023;163.500000000;10;9496154624;B
20240131;100024;163.500000000;20;9496154798;B
20240131;100024;163.500000000;10;9496154805;B
20240131;100024;163.500000000;250;9496154833;B
20240131;100024;163.500000000;340;9496154835;B
20240131;100024;163.500000000;360;9496154836;B
20240131;100024;163.500000000;70;9496154837;B
20240131;100024;163.500000000;200;9496154838;B
20240131;100024;163.500000000;10;9496154839;B
20240131;100024;163.500000000;10;9496154840;B
20240131;100024;163.500000000;10;9496154841;B
20240131;100024;163.500000000;10;9496154842;B
20240131;100024;163.500000000;80;9496154843;B
20240131;100024;163.500000000;10;9496154844;B
20240131;100024;163.500000000;90;9496154845;B
20240131;100024;163.500000000;50;9496154846;B
20240131;100024;163.500000000;10;9496154847;B
20240131;100024;163.500000000;30;9496154848;B
20240131;100024;163.500000000;10;9496154849;B
20240131;100024;163.500000000;10;9496154850;B
20240131;100024;163.500000000;20;9496154851;B
20240131;100024;163.500000000;150;9496154852;B
20240131;100024;163.500000000;330;9496154853;B
20240131;100024;163.500000000;20;9496154854;B
20240131;100024;163.500000000;50;9496154855;B
20240131;100024;163.500000000;130;9496154856;B
20240131;100024;163.500000000;120;9496154857;B
20240131;100024;163.500000000;120;9496154858;B
20240131;100024;163.500000000;460;9496154859;B
20240131;100026;163.500000000;100;9496155242;B
20240131;100026;163.490000000;160;9496155374;S
20240131;100027;163.500000000;10;9496155461;B
20240131;100027;163.500000000;120;9496155546;B
20240131;100027;163.500000000;190;9496155623;B
20240131;100027;163.500000000;20;9496155624;B
20240131;100027;163.500000000;10;9496155625;B
20240131;100027;163.500000000;150;9496155626;B
20240131;100027;163.500000000;200;9496155627;B
20240131;100027;163.500000000;410;9496155628;B
20240131;100027;163.500000000;150;9496155629;B
20240131;100027;163.500000000;10;9496155630;B
20240131;100027;163.500000000;100;9496155631;B
20240131;100027;163.500000000;20;9496155632;B
20240131;100027;163.500000000;60;9496155633;B
20240131;100027;163.500000000;130;9496155634;B
20240131;100027;163.500000000;120;9496155635;B
20240131;100027;163.500000000;100;9496155636;B
20240131;100027;163.500000000;270;9496155637;B
20240131;100027;163.500000000;30;9496155639;B
20240131;100027;163.500000000;20;9496155640;B
20240131;100027;163.500000000;100;9496155641;B
20240131;100027;163.500000000;10;9496155642;B
20240131;100027;163.500000000;10;9496155643;B
20240131;100027;163.510000000;30;9496155644;B
20240131;100028;163.510000000;30;9496155648;B
20240131;100028;163.510000000;20;9496155649;B
20240131;100028;163.520000000;10;9496155650;B
20240131;100028;163.520000000;180;9496155651;B
20240131;100028;163.500000000;10;9496155768;S
20240131;100028;163.500000000;40;9496155771;S
20240131;100028;163.520000000;120;9496155773;B
20240131;100028;163.530000000;6880;9496155774;B
20240131;100030;163.530000000;10;9496156376;B
20240131;100030;163.530000000;670;9496156420;B
20240131;100033;163.520000000;10;9496157024;S
20240131;100033;163.530000000;50;9496157272;B
20240131;100034;163.520000000;50;9496157312;S
20240131;100035;163.520000000;940;9496157572;S
20240131;100035;163.520000000;300;9496157573;S
20240131;100035;163.510000000;760;9496157574;S
20240131;100035;163.530000000;10;9496157592;B
20240131;100036;163.510000000;150;9496157893;S
20240131;100036;163.530000000;100;9496157911;B
20240131;100036;163.510000000;90;9496157947;S
20240131;100036;163.500000000;10;9496157948;S
20240131;100036;163.500000000;490;9496157996;S
20240131;100036;163.490000000;10;9496157997;S
20240131;100039;163.520000000;10;9496158641;B
20240131;100039;163.490000000;10;9496158866;S
20240131;100040;163.490000000;820;9496158923;S
20240131;100040;163.460000000;2140;9496158924;S
20240131;100040;163.460000000;300;9496158925;S
20240131;100040;163.450000000;710;9496158926;S
20240131;100040;163.430000000;3680;9496158927;S
20240131;100040;163.430000000;3680;9496158928;S
20240131;100040;163.420000000;8000;9496158929;S
20240131;100040;163.410000000;1000;9496158930;S
20240131;100040;163.400000000;1000;9496158931;S
20240131;100040;163.400000000;2000;9496158932;S
20240131;100040;163.390000000;1000;9496158933;S
20240131;100040;163.390000000;220;9496158934;S
20240131;100040;163.380000000;30;9496158935;S
20240131;100040;163.380000000;1000;9496158936;S
20240131;100040;163.380000000;220;9496158937;S
20240131;100040;163.380000000;1840;9496158938;S
20240131;100040;163.370000000;1000;9496158939;S
20240131;100040;163.370000000;220;9496158940;S
20240131;100040;163.370000000;16000;9496158941;S
20240131;100040;163.360000000;1000;9496158942;S
20240131;100040;163.360000000;220;9496158943;S
20240131;100040;163.350000000;1000;9496158944;S
20240131;100040;163.350000000;220;9496158945;S
20240131;100040;163.340000000;220;9496158946;S
20240131;100040;163.340000000;1000;9496158947;S
20240131;100040;163.330000000;220;9496158948;S
20240131;100040;163.330000000;1000;9496158949;S
20240131;100040;163.320000000;220;9496158950;S
20240131;100040;163.320000000;1000;9496158951;S
20240131;100040;163.310000000;500;9496158952;S
20240131;100040;163.310000000;220;9496158953;S
20240131;100040;163.310000000;1000;9496158954;S
20240131;100040;163.310000000;6000;9496158955;S
20240131;100040;163.300000000;20;9496158956;S
20240131;100040;163.300000000;1000;9496158957;S
20240131;100040;163.300000000;220;9496158958;S
20240131;100040;163.280000000;7500;9496158959;S
20240131;100040;163.260000000;1000;9496158960;S
20240131;100040;163.260000000;20;9496158961;S
20240131;100040;163.260000000;6110;9496158962;S
20240131;100040;163.300000000;1000;9496158967;S
20240131;100040;163.270000000;220;9496158968;S
20240131;100040;163.270000000;980;9496158969;S
20240131;100040;163.270000000;700;9496158970;S
20240131;100040;163.390000000;120;9496158972;B
20240131;100040;163.390000000;20;9496158973;B
20240131;100040;163.310000000;200;9496158987;S
20240131;100040;163.360000000;1000;9496159055;B
20240131;100041;163.390000000;10;9496159155;B
20240131;100041;163.360000000;10;9496159202;B
20240131;100041;163.380000000;1000;9496159222;B
20240131;100041;163.300000000;860;9496159266;S
20240131;100041;163.300000000;300;9496159267;S
20240131;100041;163.290000000;660;9496159268;S
20240131;100041;163.280000000;180;9496159269;S
20240131;100043;163.270000000;30;9496159624;S
20240131;100046;163.340000000;1000;9496160146;B
20240131;100046;163.340000000;50;9496160211;B
20240131;100047;163.340000000;100;9496160355;B
20240131;100047;163.340000000;1330;9496160449;B
20240131;100049;163.380000000;10;9496160752;B
20240131;100051;163.380000000;100;9496161144;B
20240131;100052;163.380000000;10;9496161232;B
20240131;100052;163.370000000;50;9496161346;S
20240131;100052;163.310000000;80;9496161347;S
20240131;100052;163.280000000;100;9496161349;S
20240131;100052;163.280000000;100;9496161350;S
20240131;100052;163.280000000;200;9496161351;S
20240131;100052;163.290000000;10;9496161359;B
20240131;100053;163.290000000;70;9496161457;B
20240131;100054;163.290000000;50;9496161600;B
20240131;100054;163.290000000;20;9496161637;B
20240131;100055;163.290000000;10;9496161784;B
20240131;100056;163.290000000;500;9496162079;B
20240131;100058;163.270000000;50;9496162336;S
20240131;100058;163.290000000;100;9496162386;B
20240131;100058;163.270000000;20;9496162412;S
20240131;100058;163.290000000;240;9496162476;B
20240131;100058;163.340000000;60;9496162477;B
20240131;100100;163.340000000;10;9496162806;B
20240131;100100;163.340000000;500;9496162838;B
20240131;100100;163.300000000;10;9496162870;S
20240131;100101;163.340000000;100;9496162928;B
20240131;100103;163.340000000;40;9496163284;B
20240131;100104;163.320000000;300;9496163463;S
20240131;100105;163.320000000;300;9496163559;S
20240131;100105;163.310000000;200;9496163560;S
20240131;100106;163.340000000;300;9496163848;B
20240131;100107;163.340000000;5230;9496163894;B
20240131;100108;163.380000000;50;9496164193;B
20240131;100108;163.410000000;200;9496164194;B
20240131;100109;163.350000000;10;9496164379;S
20240131;100113;163.400000000;90;9496165030;B
20240131;100115;163.410000000;160;9496165554;S
20240131;100117;163.410000000;700;9496165808;S
20240131;100118;163.410000000;980;9496166019;S
20240131;100118;163.400000000;5000;9496166020;S
20240131;100121;163.350000000;400;9496166492;S
20240131;100122;163.350000000;10;9496166625;S
20240131;100126;163.390000000;10;9496167507;B
20240131;100126;163.390000000;10;9496167575;B
20240131;100127;163.390000000;20;9496167593;B
20240131;100127;163.390000000;120;9496167664;B
20240131;100130;163.390000000;10;9496168199;B
20240131;100131;163.350000000;780;9496168360;S
20240131;100131;163.340000000;170;9496168361;S
20240131;100131;163.340000000;1840;9496168362;S
20240131;100131;163.330000000;2140;9496168363;S
20240131;100131;163.320000000;50;9496168364;S
20240131;100131;163.310000000;500;9496168365;S
20240131;100131;163.310000000;300;9496168366;S
20240131;100131;163.300000000;170;9496168367;S
20240131;100131;163.300000000;200;9496168368;S
20240131;100131;163.290000000;20;9496168369;S
20240131;100131;163.290000000;220;9496168370;S
20240131;100131;163.290000000;610;9496168371;S
20240131;100133;163.340000000;50;9496168601;B
20240131;100134;163.320000000;60;9496168838;S
20240131;100135;163.340000000;20;9496168931;B
20240131;100138;163.340000000;20;9496169718;B
20240131;100141;163.340000000;10;9496170104;B
20240131;100141;163.310000000;300;9496170114;S
20240131;100141;163.310000000;200;9496170115;S
20240131;100141;163.310000000;50;9496170142;S
20240131;100145;163.340000000;500;9496170907;B
20240131;100147;163.320000000;100;9496171400;S
20240131;100147;163.320000000;100;9496171401;S
20240131;100149;163.320000000;40;9496171799;B
20240131;100149;163.310000000;90;9496171814;S
20240131;100150;163.320000000;10;9496172058;B
20240131;100150;163.320000000;20;9496172163;B
20240131;100151;163.320000000;230;9496172309;B
20240131;100152;163.380000000;50;9496172490;B
20240131;100157;163.340000000;100;9496173276;S
20240131;100158;163.310000000;240;9496173314;S
20240131;100201;163.340000000;200;9496173727;B
20240131;100201;163.340000000;10;9496173733;B
20240131;100205;163.340000000;100;9496174632;B
20240131;100206;163.320000000;10;9496174784;S
20240131;100206;163.310000000;20;9496174785;S
20240131;100206;163.340000000;50;9496174788;B
20240131;100211;163.340000000;100;9496175447;B
20240131;100211;163.340000000;130;9496175458;B
20240131;100212;163.340000000;10;9496175649;S
20240131;100217;163.360000000;10;9496176465;B
20240131;100219;163.360000000;40;9496176896;B
20240131;100224;163.350000000;10;9496177638;B
20240131;100225;163.350000000;240;9496177697;B
20240131;100225;163.360000000;10;9496177734;B
20240131;100226;163.350000000;10;9496177828;S
20240131;100227;163.350000000;190;9496177929;S
20240131;100227;163.360000000;10;9496177993;B
20240131;100228;163.360000000;10;9496178115;B
20240131;100230;163.350000000;100;9496178492;S
20240131;100231;163.360000000;20;9496178716;B
20240131;100231;163.380000000;210;9496178717;B
20240131;100232;163.380000000;40;9496178781;B
20240131;100232;163.380000000;60;9496178782;B
20240131;100234;163.380000000;10;9496179241;B
20240131;100238;163.390000000;10;9496179748;B
20240131;100240;163.360000000;100;9496180071;S
20240131;100240;163.360000000;220;9496180072;S
20240131;100240;163.380000000;100;9496180087;B
20240131;100241;163.380000000;100;9496180353;B
20240131;100243;163.380000000;10;9496180497;B
20240131;100244;163.360000000;80;9496180783;S
20240131;100245;163.350000000;90;9496180999;S
20240131;100246;163.360000000;350;9496181038;B
20240131;100247;163.360000000;150;9496181210;B
20240131;100248;163.360000000;10;9496181415;B
20240131;100248;163.360000000;330;9496181418;B
20240131;100248;163.360000000;60;9496181499;S
20240131;100250;163.380000000;290;9496181890;B
20240131;100253;163.380000000;10;9496182360;B
20240131;100254;163.360000000;10;9496182658;S
20240131;100254;163.360000000;240;9496182659;S
20240131;100254;163.350000000;370;9496182660;S
20240131;100254;163.350000000;10;9496182661;S
20240131;100254;163.340000000;820;9496182662;S
20240131;100257;163.370000000;10;9496183093;B
20240131;100300;163.370000000;10;9496183785;B
20240131;100301;163.370000000;10;9496183847;B
20240131;100304;163.370000000;20;9496184298;B
20240131;100305;163.370000000;80;9496184560;S
20240131;100307;163.370000000;900;9496185024;S
20240131;100307;163.360000000;50;9496185025;S
20240131;100307;163.350000000;100;9496185026;S
20240131;100307;163.350000000;120;9496185027;S
20240131;100307;163.340000000;10;9496185028;S
20240131;100307;163.340000000;100;9496185029;S
20240131;100307;163.340000000;150;9496185030;S
20240131;100307;163.340000000;10;9496185031;S
20240131;100307;163.340000000;10;9496185032;S
20240131;100307;163.340000000;500;9496185033;S
20240131;100307;163.340000000;10;9496185034;S
20240131;100307;163.340000000;1840;9496185035;S
20240131;100307;163.330000000;1770;9496185036;S
20240131;100307;163.330000000;50;9496185037;S
20240131;100307;163.320000000;1000;9496185038;S
20240131;100307;163.320000000;300;9496185039;S
20240131;100307;163.310000000;10;9496185040;S
20240131;100307;163.310000000;300;9496185041;S
20240131;100307;163.310000000;10;9496185042;S
20240131;100307;163.310000000;10;9496185043;S
20240131;100307;163.310000000;250;9496185044;S
20240131;100307;163.310000000;100;9496185045;S
20240131;100307;163.310000000;2000;9496185046;S
20240131;100307;163.310000000;400;9496185047;S
20240131;100308;163.370000000;3680;9496185337;B
20240131;100308;163.370000000;300;9496185338;B
20240131;100308;163.380000000;4380;9496185339;B
20240131;100308;163.390000000;10;9496185340;B
20240131;100308;163.390000000;5000;9496185341;B
20240131;100308;163.400000000;1520;9496185342;B
20240131;100308;163.400000000;20;9496185343;B
20240131;100308;163.400000000;10;9496185344;B
20240131;100308;163.400000000;20;9496185345;B
20240131;100308;163.400000000;10;9496185346;B
20240131;100308;163.400000000;20;9496185347;B
20240131;100308;163.400000000;30;9496185348;B
20240131;100309;163.330000000;50;9496185442;S
20240131;100309;163.330000000;50;9496185484;S
20240131;100313;163.380000000;10;9496186092;S
20240131;100313;163.380000000;790;9496186196;S
20240131;100313;163.370000000;210;9496186197;S
20240131;100314;163.400000000;20;9496186450;B
20240131;100319;163.390000000;100;9496187207;B
20240131;100319;163.390000000;30;9496187281;B
20240131;100320;163.380000000;10;9496187378;S
20240131;100326;163.390000000;30;9496188384;B
20240131;100327;163.390000000;10;9496188543;B
20240131;100328;163.390000000;450;9496188616;B
20240131;100328;163.390000000;3000;9496188639;B
20240131;100331;163.390000000;500;9496188961;B
20240131;100332;163.390000000;60;9496189117;B
20240131;100332;163.390000000;10;9496189174;B
20240131;100333;163.380000000;80;9496189412;S
20240131;100337;163.390000000;10;9496190368;B
20240131;100337;163.380000000;10;9496190448;S
20240131;100337;163.380000000;10;9496190452;S
20240131;100340;163.380000000;100;9496191018;S
20240131;100341;163.390000000;30;9496191250;B
20240131;100342;163.380000000;20;9496191349;S
20240131;100344;163.390000000;90;9496191651;B
20240131;100345;163.390000000;80;9496191822;B
20240131;100347;163.390000000;100;9496192030;B
20240131;100347;163.380000000;10;9496192083;S
20240131;100349;163.380000000;60;9496192239;S
20240131;100349;163.380000000;250;9496192240;S
20240131;100349;163.380000000;10;9496192241;S
20240131;100349;163.380000000;480;9496192242;S
20240131;100352;163.390000000;10;9496192548;B
20240131;100356;163.390000000;30;9496193263;B
20240131;100358;163.380000000;10;9496193612;S
20240131;100402;163.390000000;450;9496194268;B
20240131;100403;163.380000000;30;9496194325;S
20240131;100403;163.380000000;290;9496194416;S
20240131;100404;163.390000000;10;9496194497;B
20240131;100405;163.390000000;10;9496194576;B
20240131;100405;163.390000000;350;9496194577;B
20240131;100409;163.390000000;40;9496195297;S
20240131;100411;163.390000000;160;9496195539;S
20240131;100415;163.390000000;240;9496196193;S
20240131;100415;163.390000000;60;9496196194;S
20240131;100416;163.400000000;20;9496196466;B
20240131;100416;163.390000000;250;9496196558;S
20240131;100419;163.380000000;150;9496196917;S
20240131;100423;163.380000000;40;9496197523;S
20240131;100423;163.380000000;10;9496197524;S
20240131;100423;163.380000000;10;9496197525;S
20240131;100425;163.380000000;40;9496197930;S
20240131;100425;163.380000000;10;9496197931;S
20240131;100425;163.370000000;140;9496197932;S
20240131;100425;163.370000000;250;9496197933;S
20240131;100425;163.370000000;10;9496197934;S
20240131;100425;163.360000000;120;9496197935;S
20240131;100425;163.360000000;10;9496197936;S
20240131;100425;163.360000000;50;9496197937;S
20240131;100425;163.350000000;100;9496197938;S
20240131;100425;163.350000000;2320;9496197939;S
20240131;100428;163.360000000;10;9496198504;B
20240131;100429;163.350000000;50;9496198638;S
20240131;100430;163.350000000;300;9496198822;S
20240131;100431;163.360000000;10;9496199086;B
20240131;100432;163.370000000;30;9496199141;B
20240131;100433;163.370000000;200;9496199338;B
20240131;100436;163.370000000;70;9496199789;B
20240131;100437;163.370000000;10;9496199970;S
20240131;100438;163.380000000;50;9496200108;B
20240131;100439;163.370000000;420;9496200225;S
20240131;100439;163.350000000;330;9496200226;S
20240131;100439;163.350000000;250;9496200227;S
20240131;100439;163.370000000;10;9496200268;B
20240131;100441;163.370000000;290;9496200627;B
20240131;100441;163.380000000;10;9496200628;B
20240131;100444;163.330000000;10;9496201100;S
20240131;100444;163.330000000;10;9496201101;S
20240131;100444;163.310000000;560;9496201102;S
20240131;100444;163.380000000;940;9496201168;B
20240131;100444;163.380000000;300;9496201169;B
20240131;100444;163.390000000;70;9496201170;B
20240131;100444;163.390000000;560;9496201171;B
20240131;100444;163.390000000;3680;9496201172;B
20240131;100444;163.390000000;970;9496201173;B
20240131;100453;163.390000000;10;9496202731;B
20240131;100453;163.350000000;40;9496202770;S
20240131;100455;163.390000000;10;9496202986;B
20240131;100455;163.390000000;10;9496203024;B
20240131;100458;163.350000000;10;9496203658;S
20240131;100502;163.380000000;10;9496204246;B
20240131;100502;163.390000000;10;9496204267;B
20240131;100503;163.390000000;10;9496204381;B
20240131;100505;163.390000000;10;9496204617;S
20240131;100505;163.390000000;30;9496204618;S
20240131;100505;163.380000000;60;9496204619;S
20240131;100506;163.380000000;200;9496204877;S
20240131;100506;163.400000000;40;9496204909;B
20240131;100508;163.400000000;80;9496205191;B
20240131;100510;163.390000000;100;9496205603;S
20240131;100510;163.390000000;100;9496205604;S
20240131;100514;163.390000000;30;9496206284;B
20240131;100514;163.390000000;100;9496206285;B
20240131;100514;163.390000000;670;9496206340;B
20240131;100519;163.390000000;650;9496207165;S
20240131;100519;163.400000000;400;9496207215;B
20240131;100519;163.400000000;30;9496207227;B
20240131;100519;163.400000000;20;9496207327;B
20240131;100521;163.400000000;20;9496207591;B
20240131;100524;163.390000000;10;9496207866;S
20240131;100526;163.400000000;10;9496208185;B
20240131;100527;163.400000000;40;9496208243;B
20240131;100529;163.400000000;1000;9496208639;B
20240131;100531;163.400000000;200;9496208807;B
20240131;100533;163.390000000;30;9496209179;S
20240131;100533;163.400000000;10;9496209253;B
20240131;100537;163.400000000;60;9496209827;B
20240131;100538;163.390000000;90;9496210121;S
20240131;100539;163.400000000;170;9496210200;B
20240131;100542;163.400000000;10;9496210650;B
20240131;100545;163.390000000;5060;9496211202;S
20240131;100550;163.390000000;1800;9496211877;S
20240131;100551;163.390000000;1500;9496211999;S
20240131;100554;163.390000000;10;9496212663;S
20240131;100556;163.400000000;370;9496213103;B
20240131;100556;163.400000000;500;9496213104;B
20240131;100556;163.400000000;430;9496213105;B
20240131;100559;163.400000000;10;9496213913;B
20240131;100600;163.390000000;20000;9496213966;S
20240131;100600;163.390000000;180;9496213977;S
20240131;100600;163.390000000;200;9496213978;S
20240131;100600;163.390000000;100;9496213979;S
20240131;100600;163.390000000;50;9496213980;S
20240131;100600;163.390000000;30;9496213981;S
20240131;100600;163.390000000;20;9496213982;S
20240131;100600;163.380000000;230;9496213983;S
20240131;100600;163.380000000;100;9496213984;S
20240131;100600;163.360000000;60;9496213985;S
20240131;100600;163.360000000;20;9496213986;S
20240131;100600;163.370000000;250;9496214178;B
20240131;100602;163.360000000;10;9496214506;S
20240131;100604;163.370000000;10;9496214766;B
20240131;100604;163.360000000;40;9496214878;S
20240131;100604;163.350000000;30;9496214879;S
20240131;100608;163.350000000;10;9496215499;S
20240131;100609;163.350000000;10;9496215653;S
20240131;100611;163.360000000;30;9496215842;B
20240131;100613;163.350000000;100;9496216248;S
20240131;100613;163.350000000;20;9496216249;S
20240131;100613;163.350000000;120;9496216256;S
20240131;100613;163.350000000;230;9496216300;S
20240131;100613;163.350000000;340;9496216305;S
20240131;100613;163.350000000;3130;9496216306;S
20240131;100613;163.350000000;230;9496216325;S
20240131;100613;163.350000000;240;9496216342;S
20240131;100613;163.350000000;10;9496216343;S
20240131;100613;163.340000000;570;9496216344;S
20240131;100613;163.340000000;430;9496216387;S
20240131;100613;163.330000000;10;9496216447;S
20240131;100613;163.330000000;10;9496216448;S
20240131;100613;163.330000000;1430;9496216449;S
20240131;100618;163.340000000;100;9496217003;B
20240131;100618;163.340000000;290;9496217017;B
20240131;100618;163.340000000;300;9496217018;B
20240131;100618;163.350000000;1840;9496217019;B
20240131;100618;163.350000000;7210;9496217020;B
20240131;100618;163.360000000;360;9496217021;B
20240131;100619;163.350000000;300;9496217187;B
20240131;100621;163.370000000;100;9496217454;B
20240131;100622;163.380000000;10;9496217608;B
20240131;100624;163.390000000;60;9496217879;B
20240131;100624;163.390000000;10;9496217898;B
20240131;100629;163.380000000;20;9496218632;B
20240131;100633;163.380000000;10;9496219193;B
20240131;100634;163.380000000;20;9496219519;B
20240131;100635;163.380000000;200;9496219600;B
20240131;100635;163.370000000;10;9496219616;S
20240131;100636;163.380000000;40;9496219716;B
20240131;100639;163.390000000;10;9496220336;B
20240131;100639;163.340000000;40;9496220423;S
20240131;100639;163.330000000;60;9496220424;S
20240131;100640;163.330000000;10;9496220549;S
20240131;100640;163.330000000;40;9496220550;S
20240131;100642;163.340000000;100;9496220822;S
20240131;100643;163.390000000;10;9496221046;B
20240131;100645;163.390000000;10;9496221260;B
20240131;100648;163.350000000;10;9496221770;S
20240131;100648;163.390000000;20;9496221832;B
20240131;100648;163.390000000;70;9496221834;S
20240131;100649;163.390000000;10;9496221958;B
20240131;100651;163.390000000;10;9496222144;B
20240131;100654;163.380000000;10;9496222541;B
20240131;100655;163.370000000;100;9496222716;S
20240131;100655;163.350000000;30;9496222717;S
20240131;100656;163.350000000;300;9496222853;S
20240131;100656;163.350000000;170;9496222867;S
20240131;100657;163.380000000;240;9496222963;B
20240131;100657;163.380000000;220;9496222964;B
20240131;100700;163.350000000;10;9496223489;S
20240131;100701;163.360000000;20;9496223691;B
20240131;100702;163.380000000;20;9496223849;B
20240131;100703;163.350000000;90;9496224008;S
20240131;100704;163.350000000;300;9496224058;S
20240131;100706;163.380000000;10;9496224449;B
20240131;100707;163.370000000;100;9496224695;S
20240131;100711;163.350000000;150;9496225279;S
20240131;100712;163.350000000;120;9496225386;S
20240131;100712;163.350000000;120;9496225421;S
20240131;100712;163.350000000;940;9496225458;S
20240131;100712;163.350000000;500;9496225492;S
20240131;100712;163.350000000;300;9496225500;S
20240131;100712;163.350000000;240;9496225505;S
20240131;100712;163.350000000;200;9496225507;S
20240131;100712;163.350000000;20;9496225511;S
20240131;100712;163.340000000;230;9496225519;S
20240131;100712;163.340000000;940;9496225568;S
20240131;100712;163.340000000;50;9496225601;S
20240131;100712;163.330000000;60;9496225602;S
20240131;100712;163.330000000;10;9496225603;S
20240131;100712;163.330000000;50;9496225604;S
20240131;100712;163.320000000;50;9496225605;S
20240131;100712;163.320000000;100;9496225606;S
20240131;100712;163.320000000;10;9496225607;S
20240131;100712;163.320000000;10;9496225608;S
20240131;100712;163.310000000;10;9496225609;S
20240131;100712;163.310000000;10;9496225610;S
20240131;100712;163.310000000;10;9496225611;S
20240131;100712;163.310000000;30;9496225612;S
20240131;100714;163.310000000;100;9496225902;S
20240131;100714;163.300000000;460;9496225903;S
20240131;100715;163.320000000;10;9496226309;B
20240131;100716;163.320000000;2000;9496226373;B
20240131;100716;163.300000000;120;9496226475;S
20240131;100717;163.340000000;300;9496226608;B
20240131;100717;163.340000000;100;9496226697;B
20240131;100717;163.340000000;30;9496226721;B
20240131;100720;163.310000000;10;9496227274;S
20240131;100721;163.310000000;30;9496227329;S
20240131;100721;163.340000000;100;9496227436;B
20240131;100723;163.330000000;530;9496227793;B
20240131;100724;163.330000000;10;9496227825;B
20240131;100724;163.330000000;10;9496227880;B
20240131;100725;163.310000000;160;9496228063;S
20240131;100725;163.300000000;820;9496228064;S
20240131;100726;163.330000000;30;9496228176;B
20240131;100728;163.330000000;10;9496228482;B
20240131;100731;163.330000000;10;9496228931;B
20240131;100734;163.330000000;10;9496229416;B
20240131;100737;163.330000000;10;9496229735;B
20240131;100741;163.300000000;28600;9496230386;S
20240131;100741;163.300000000;50;9496230387;S
20240131;100741;163.300000000;10;9496230388;S
20240131;100741;163.300000000;60;9496230389;S
20240131;100741;163.300000000;10;9496230390;S
20240131;100741;163.300000000;10;9496230391;S
20240131;100741;163.300000000;100;9496230392;S
20240131;100741;163.300000000;10;9496230393;S
20240131;100741;163.300000000;10;9496230394;S
20240131;100741;163.300000000;200;9496230395;S
20240131;100741;163.300000000;60;9496230396;S
20240131;100741;163.300000000;150;9496230397;S
20240131;100741;163.300000000;10;9496230398;S
20240131;100741;163.300000000;300;9496230399;S
20240131;100741;163.300000000;10;9496230400;S
20240131;100741;163.300000000;10;9496230401;S
20240131;100741;163.300000000;10;9496230402;S
20240131;100741;163.300000000;1000;9496230403;S
20240131;100741;163.300000000;4000;9496230404;S
20240131;100741;163.300000000;10000;9496230405;S
20240131;100741;163.300000000;300;9496230406;S
20240131;100741;163.300000000;10;9496230407;S
20240131;100741;163.300000000;10;9496230408;S
20240131;100741;163.300000000;2000;9496230409;S
20240131;100741;163.290000000;20;9496230410;S
20240131;100741;163.280000000;250;9496230411;S
20240131;100741;163.280000000;5500;9496230412;S
20240131;100741;163.280000000;2000;9496230413;S
20240131;100741;163.270000000;80;9496230414;S
20240131;100741;163.260000000;10;9496230415;S
20240131;100741;163.260000000;1000;9496230416;S
20240131;100741;163.250000000;1000;9496230417;S
20240131;100741;163.250000000;20;9496230418;S
20240131;100741;163.250000000;2000;9496230419;S
20240131;100741;163.250000000;120;9496230420;S
20240131;100741;163.240000000;2000;9496230421;S
20240131;100741;163.240000000;220;9496230422;S
20240131;100741;163.240000000;70;9496230423;S
20240131;100741;163.240000000;800;9496230424;S
20240131;100741;163.230000000;150;9496230425;S
20240131;100741;163.230000000;200;9496230426;S
20240131;100741;163.230000000;220;9496230427;S
20240131;100741;163.230000000;5000;9496230428;S
20240131;100741;163.230000000;20;9496230429;S
20240131;100741;163.230000000;60;9496230430;S
20240131;100741;163.230000000;10;9496230431;S
20240131;100741;163.230000000;60;9496230432;S
20240131;100741;163.230000000;100;9496230433;S
20240131;100741;163.230000000;300;9496230434;S
20240131;100741;163.220000000;10;9496230435;S
20240131;100741;163.220000000;10;9496230436;S
20240131;100741;163.220000000;10;9496230437;S
20240131;100741;163.220000000;20;9496230438;S
20240131;100741;163.220000000;60;9496230439;S
20240131;100741;163.220000000;10;9496230440;S
20240131;100741;163.220000000;10;9496230441;S
20240131;100741;163.220000000;30;9496230442;S
20240131;100741;163.220000000;10;9496230443;S
20240131;100741;163.220000000;20;9496230444;S
20240131;100741;163.220000000;20;9496230445;S
20240131;100741;163.220000000;10;9496230446;S
20240131;100741;163.220000000;10;9496230447;S
20240131;100741;163.220000000;10;9496230448;S
20240131;100741;163.220000000;10;9496230449;S
20240131;100741;163.220000000;10;9496230450;S
20240131;100741;163.220000000;50;9496230451;S
20240131;100741;163.220000000;10;9496230452;S
20240131;100741;163.220000000;20;9496230453;S
20240131;100741;163.220000000;10;9496230454;S
20240131;100741;163.220000000;10;9496230455;S
20240131;100741;163.220000000;10;9496230456;S
20240131;100741;163.220000000;200;9496230457;S
20240131;100741;163.220000000;10;9496230458;S
20240131;100741;163.220000000;10;9496230459;S
20240131;100741;163.220000000;10;9496230460;S
20240131;100741;163.220000000;410;9496230461;S
20240131;100741;163.220000000;10;9496230462;S
20240131;100741;163.220000000;10;9496230463;S
20240131;100741;163.220000000;10;9496230464;S
20240131;100741;163.220000000;10;9496230465;S
20240131;100741;163.220000000;10;9496230466;S
20240131;100741;163.220000000;10;9496230467;S
20240131;100741;163.220000000;10;9496230468;S
20240131;100741;163.220000000;10;9496230469;S
20240131;100741;163.220000000;80;9496230470;S
20240131;100741;163.220000000;600;9496230471;S
20240131;100741;163.220000000;30;9496230472;S
20240131;100741;163.220000000;10;9496230473;S
20240131;100741;163.220000000;10;9496230474;S
20240131;100741;163.220000000;30;9496230475;S
20240131;100741;163.220000000;740;9496230476;S
20240131;100741;163.220000000;30;9496230477;S
20240131;100741;163.220000000;40;9496230478;S
20240131;100741;163.220000000;10;9496230479;S
20240131;100741;163.220000000;10;9496230480;S
20240131;100741;163.220000000;10;9496230481;S
20240131;100741;163.220000000;10;9496230482;S
20240131;100741;163.220000000;10;9496230483;S
20240131;100741;163.220000000;20;9496230484;S
20240131;100741;163.220000000;20;9496230485;S
20240131;100741;163.220000000;100;9496230486;S
20240131;100741;163.220000000;100;9496230487;S
20240131;100741;163.220000000;10;9496230488;S
20240131;100741;163.220000000;128900;9496230489;S
20240131;100742;163.230000000;10;9496230493;S
20240131;100742;163.230000000;460;9496230494;S
20240131;100742;163.230000000;200;9496230495;S
20240131;100742;163.230000000;100;9496230496;S
20240131;100742;163.230000000;200;9496230497;S
20240131;100742;163.230000000;280;9496230498;S
20240131;100742;163.230000000;1590;9496230549;S
20240131;100742;163.230000000;270;9496230558;S
20240131;100745;163.240000000;100;9496231102;B
20240131;100745;163.240000000;350;9496231103;B
20240131;100745;163.240000000;1320;9496231162;B
20240131;100746;163.240000000;30;9496231219;B
20240131;100747;163.240000000;10;9496231475;B
20240131;100749;163.230000000;540;9496231761;S
20240131;100749;163.220000000;1460;9496231762;S
20240131;100751;163.240000000;860;9496231997;B
20240131;100751;163.260000000;1070;9496231998;B
20240131;100752;163.240000000;140;9496232137;S
20240131;100756;163.270000000;100;9496232994;B
20240131;100757;163.270000000;100;9496233179;B
20240131;100758;163.270000000;30;9496233484;B
20240131;100759;163.270000000;10;9496233698;B
20240131;100800;163.260000000;10;9496233810;B
20240131;100803;163.260000000;1000;9496234486;B
20240131;100803;163.240000000;60;9496234495;S
20240131;100803;163.240000000;10;9496234496;S
20240131;100803;163.240000000;30;9496234497;S
20240131;100803;163.240000000;230;9496234527;S
20240131;100803;163.260000000;50;9496234574;B
20240131;100804;163.240000000;120;9496234619;S
20240131;100804;163.240000000;10;9496234694;S
20240131;100808;163.240000000;20;9496235195;S
20240131;100809;163.260000000;20;9496235368;B
20240131;100812;163.250000000;500;9496235785;S
20240131;100812;163.250000000;400;9496235799;S
20240131;100812;163.260000000;100;9496235834;B
20240131;100813;163.260000000;500;9496236041;B
20240131;100814;163.260000000;100;9496236077;B
20240131;100814;163.260000000;10;9496236127;B
20240131;100816;163.260000000;50;9496236540;B
20240131;100819;163.250000000;100;9496236875;S
20240131;100819;163.250000000;100;9496236900;S
20240131;100820;163.260000000;350;9496237031;B
20240131;100822;163.260000000;20;9496237294;B
20240131;100823;163.250000000;100;9496237432;S
20240131;100823;163.240000000;450;9496237433;S
20240131;100823;163.260000000;160;9496237518;B
20240131;100824;163.240000000;10;9496237535;S
20240131;100827;163.240000000;280;9496238135;S
20240131;100829;163.260000000;30;9496238366;B
20240131;100829;163.260000000;190;9496238379;B
20240131;100829;163.260000000;270;9496238380;B
20240131;100829;163.260000000;40;9496238410;S
20240131;100829;163.240000000;110;9496238411;S
20240131;100831;163.270000000;50;9496238694;B
20240131;100832;163.270000000;10;9496238788;B
20240131;100836;163.260000000;100;9496239277;S
20240131;100837;163.300000000;10;9496239550;B
20240131;100839;163.260000000;180;9496239929;S
20240131;100842;163.310000000;10;9496240480;B
20240131;100843;163.260000000;10;9496240541;S
20240131;100845;163.300000000;20;9496240760;B
20240131;100848;163.260000000;210;9496241137;S
20240131;100848;163.260000000;150;9496241138;S
20240131;100848;163.240000000;20;9496241139;S
20240131;100848;163.240000000;150;9496241140;S
20240131;100849;163.250000000;350;9496241413;S
20240131;100850;163.300000000;30;9496241428;B
20240131;100854;163.280000000;20;9496242060;B
20240131;100854;163.270000000;10;9496242080;B
20240131;100854;163.270000000;30;9496242114;B
20240131;100855;163.270000000;10;9496242232;B
20240131;100855;163.260000000;10;9496242246;S
20240131;100855;163.240000000;590;9496242247;S
20240131;100856;163.260000000;100;9496242461;B
20240131;100857;163.250000000;330;9496242572;S
20240131;100857;163.250000000;10;9496242618;S
20240131;100858;163.260000000;10;9496242736;B
20240131;100859;163.250000000;40;9496242894;S
20240131;100859;163.250000000;1000;9496242895;S
20240131;100859;163.240000000;960;9496242896;S
20240131;100901;163.250000000;100;9496243162;B
20240131;100903;163.240000000;500;9496243544;S
20240131;100903;163.240000000;100;9496243545;S
20240131;100904;163.240000000;400;9496243686;S
20240131;100905;163.240000000;40;9496243904;S
20240131;100905;163.240000000;260;9496243905;S
20240131;100908;163.240000000;200;9496244240;S
20240131;100908;163.240000000;1000;9496244241;S
20240131;100908;163.240000000;200;9496244242;S
20240131;100908;163.240000000;100;9496244243;S
20240131;100908;163.240000000;10;9496244244;S
20240131;100908;163.230000000;1000;9496244245;S
20240131;100908;163.230000000;100;9496244246;S
20240131;100908;163.230000000;100;9496244247;S
20240131;100908;163.220000000;17190;9496244248;S
20240131;100908;163.230000000;10;9496244250;B
20240131;100908;163.220000000;400;9496244255;S
20240131;100908;163.230000000;60;9496244391;B
20240131;100908;163.230000000;50;9496244395;B
20240131;100908;163.220000000;10;9496244400;S
20240131;100910;163.230000000;680;9496244766;B
20240131;100910;163.230000000;1000;9496244767;B
20240131;100910;163.230000000;200;9496244768;B
20240131;100910;163.230000000;300;9496244769;B
20240131;100910;163.230000000;1160;9496244770;B
20240131;100911;163.220000000;140;9496244834;S
20240131;100912;163.230000000;800;9496244959;B
20240131;100912;163.240000000;200;9496244960;B
20240131;100912;163.230000000;800;9496244992;B
20240131;100912;163.240000000;190;9496244993;B
20240131;100912;163.240000000;200;9496245054;B
20240131;100913;163.220000000;700;9496245161;S
20240131;100913;163.230000000;10;9496245181;B
20240131;100913;163.230000000;790;9496245252;B
20240131;100913;163.240000000;410;9496245253;B
20240131;100913;163.240000000;170;9496245254;B
20240131;100913;163.240000000;1000;9496245255;B
20240131;100913;163.240000000;300;9496245256;B
20240131;100913;163.240000000;400;9496245257;S
20240131;100913;163.240000000;100;9496245258;S
20240131;100913;163.240000000;100;9496245259;S
20240131;100913;163.240000000;400;9496245260;S
20240131;100913;163.240000000;330;9496245261;S
20240131;100914;163.230000000;10;9496245326;B
20240131;100916;163.220000000;200;9496245891;S
20240131;100921;163.230000000;200;9496246878;B
20240131;100922;163.230000000;300;9496246943;B
20240131;100923;163.230000000;20;9496247063;B
20240131;100923;163.230000000;250;9496247150;B
20240131;100924;163.220000000;190;9496247253;S
20240131;100925;163.230000000;60;9496247350;B
20240131;100925;163.220000000;700;9496247367;S
20240131;100926;163.220000000;110;9496247504;S
20240131;100926;163.220000000;10;9496247505;S
20240131;100926;163.220000000;50;9496247506;S
20240131;100926;163.220000000;30;9496247507;S
20240131;100926;163.220000000;10;9496247508;S
20240131;100926;163.220000000;50;9496247509;S
20240131;100927;163.230000000;160;9496247610;B
20240131;100927;163.230000000;590;9496247611;B
20240131;100928;163.230000000;70;9496247763;B
20240131;100928;163.220000000;10;9496247838;S
20240131;100928;163.220000000;20;9496247839;S
20240131;100932;163.220000000;20;9496248316;S
20240131;100932;163.220000000;10;9496248317;S
20240131;100932;163.220000000;50;9496248318;S
20240131;100932;163.220000000;10;9496248319;S
20240131;100932;163.220000000;10;9496248320;S
20240131;100932;163.220000000;200;9496248321;S
20240131;100932;163.220000000;200;9496248322;S
20240131;100932;163.220000000;200;9496248323;S
20240131;100932;163.220000000;10;9496248324;S
20240131;100932;163.220000000;70;9496248325;S
20240131;100932;163.220000000;100;9496248326;S
20240131;100932;163.220000000;10;9496248327;S
20240131;100932;163.220000000;110;9496248375;B
20240131;100932;163.230000000;140;9496248376;B
20240131;100932;163.230000000;470;9496248377;B
20240131;100932;163.210000000;20;9496248388;S
20240131;100932;163.230000000;400;9496248396;B
20240131;100932;163.230000000;130;9496248414;B
20240131;100932;163.230000000;20;9496248415;B
20240131;100933;163.210000000;30;9496248532;S
20240131;100933;163.210000000;10;9496248533;S
20240131;100933;163.210000000;460;9496248534;S
20240131;100933;163.210000000;500;9496248535;S
20240131;100933;163.210000000;40;9496248536;S
20240131;100933;163.200000000;10;9496248538;S
20240131;100933;163.200000000;10;9496248539;S
20240131;100933;163.200000000;10;9496248540;S
20240131;100933;163.200000000;100;9496248541;S
20240131;100933;163.200000000;50;9496248542;S
20240131;100933;163.200000000;10;9496248543;S
20240131;100933;163.200000000;310;9496248544;S
20240131;100933;163.200000000;100;9496248545;S
20240131;100933;163.200000000;100;9496248580;S
20240131;100933;163.210000000;10;9496248597;B
20240131;100933;163.210000000;10;9496248618;B
20240131;100935;163.200000000;100;9496248939;S
20240131;100935;163.210000000;440;9496248947;B
20240131;100935;163.210000000;300;9496248948;B
20240131;100935;163.210000000;1840;9496248949;B
20240131;100935;163.210000000;200;9496248950;B
20240131;100935;163.210000000;1000;9496248951;B
20240131;100935;163.210000000;330;9496248952;B
20240131;100936;163.210000000;470;9496249086;B
20240131;100936;163.210000000;1030;9496249087;B
20240131;100936;163.210000000;1000;9496249157;B
20240131;100936;163.210000000;800;9496249158;B
20240131;100936;163.210000000;1840;9496249159;B
20240131;100936;163.220000000;500;9496249160;B
20240131;100936;163.220000000;100;9496249161;B
20240131;100936;163.220000000;760;9496249162;B
20240131;100938;163.210000000;60;9496249416;B
20240131;100944;163.200000000;30;9496250282;S
20240131;100945;163.210000000;250;9496250305;B
20240131;100945;163.210000000;10;9496250306;B
20240131;100945;163.210000000;10;9496250418;B
20240131;100946;163.210000000;50;9496250471;B
20240131;100947;163.210000000;50;9496250625;B
20240131;100947;163.200000000;10;9496250688;S
20240131;100948;163.210000000;10;9496250766;B
20240131;100948;163.200000000;10;9496250788;S
20240131;100949;163.200000000;200;9496250904;S
20240131;100950;163.210000000;110;9496250967;B
20240131;100950;163.210000000;390;9496250968;B
20240131;100952;163.210000000;10;9496251300;B
20240131;100953;163.210000000;50;9496251378;B
20240131;100954;163.210000000;10;9496251563;B
20240131;100955;163.200000000;20;9496251673;S
20240131;101000;163.210000000;50;9496252369;B
20240131;101003;163.200000000;120;9496252914;S
20240131;101003;163.200000000;10;9496252915;S
20240131;101003;163.200000000;10;9496252916;S
20240131;101003;163.200000000;50;9496252917;S
20240131;101003;163.200000000;100;9496252918;S
20240131;101003;163.200000000;450;9496252919;S
20240131;101003;163.200000000;50;9496252955;S
20240131;101003;163.200000000;10;9496252956;S
20240131;101003;163.200000000;40;9496252957;S
20240131;101003;163.210000000;50;9496252965;B
20240131;101003;163.200000000;10;9496252969;S
20240131;101003;163.200000000;20;9496252970;S
20240131;101003;163.200000000;200;9496252971;S
20240131;101003;163.200000000;10;9496252972;S
20240131;101003;163.200000000;20;9496252973;S
20240131;101003;163.200000000;50;9496252974;S
20240131;101003;163.200000000;90;9496252975;S
20240131;101003;163.210000000;1440;9496253056;B
20240131;101003;163.210000000;420;9496253057;B
20240131;101004;163.200000000;500;9496253147;S
20240131;101004;163.200000000;410;9496253148;S
20240131;101004;163.200000000;20;9496253149;S
20240131;101004;163.200000000;20;9496253150;S
20240131;101004;163.200000000;10;9496253151;S
20240131;101004;163.200000000;40;9496253152;S
20240131;101004;163.200000000;500;9496253153;S
20240131;101004;163.200000000;500;9496253154;S
20240131;101004;163.200000000;40;9496253155;S
20240131;101004;163.200000000;10;9496253156;S
20240131;101004;163.200000000;450;9496253157;S
20240131;101004;163.200000000;500;9496253158;S
20240131;101004;163.200000000;500;9496253159;S
20240131;101004;163.200000000;500;9496253161;S
20240131;101004;163.200000000;50;9496253162;S
20240131;101004;163.200000000;450;9496253163;S
20240131;101004;163.200000000;500;9496253164;S
20240131;101004;163.200000000;50;9496253165;S
20240131;101004;163.200000000;200;9496253166;S
20240131;101004;163.200000000;250;9496253167;S
20240131;101004;163.200000000;250;9496253168;S
20240131;101004;163.180000000;10;9496253182;S
20240131;101004;163.180000000;150;9496253183;S
20240131;101004;163.180000000;240;9496253184;S
20240131;101004;163.180000000;100;9496253201;S
20240131;101005;163.190000000;100;9496253438;B
20240131;101005;163.190000000;200;9496253439;B
20240131;101006;163.180000000;310;9496253555;S
20240131;101006;163.180000000;100;9496253556;S
20240131;101006;163.180000000;10;9496253557;S
20240131;101006;163.170000000;10;9496253558;S
20240131;101006;163.170000000;10;9496253559;S
20240131;101006;163.170000000;400;9496253560;S
20240131;101006;163.170000000;10;9496253561;S
20240131;101006;163.160000000;60;9496253562;S
20240131;101006;163.160000000;10;9496253563;S
20240131;101006;163.160000000;10;9496253564;S
20240131;101006;163.160000000;500;9496253565;S
20240131;101006;163.160000000;20;9496253566;S
20240131;101006;163.160000000;20;9496253567;S
20240131;101006;163.160000000;500;9496253568;S
20240131;101006;163.150000000;13030;9496253569;S
20240131;101007;163.160000000;30;9496253590;B
20240131;101007;163.150000000;20;9496253690;S
20240131;101012;163.160000000;60;9496254214;B
20240131;101012;163.160000000;10;9496254274;B
20240131;101013;163.150000000;20;9496254360;S
20240131;101015;163.160000000;30;9496254685;B
20240131;101016;163.160000000;10;9496254808;B
20240131;101016;163.160000000;250;9496254877;B
20240131;101016;163.160000000;10;9496254918;B
20240131;101018;163.160000000;10;9496255169;B
20240131;101020;163.150000000;100;9496255475;S
20240131;101021;163.160000000;400;9496255595;B
20240131;101021;163.160000000;10;9496255653;B
20240131;101024;163.150000000;200;9496256003;S
20240131;101024;163.150000000;300;9496256015;S
20240131;101024;163.150000000;1200;9496256016;S
20240131;101024;163.150000000;1500;9496256017;S
20240131;101024;163.150000000;100;9496256018;S
20240131;101024;163.150000000;500;9496256022;S
20240131;101024;163.150000000;100;9496256025;S
20240131;101024;163.150000000;400;9496256027;S
20240131;101024;163.150000000;100;9496256028;S
20240131;101025;163.150000000;100;9496256065;S
20240131;101025;163.150000000;200;9496256124;S
20240131;101025;163.150000000;400;9496256128;S
20240131;101027;163.150000000;800;9496256311;S
20240131;101027;163.160000000;10;9496256376;B
20240131;101031;163.150000000;10;9496256828;S
20240131;101031;163.160000000;170;9496256858;B
20240131;101031;163.160000000;130;9496256859;B
20240131;101033;163.160000000;250;9496257063;B
20240131;101033;163.160000000;290;9496257140;B
20240131;101034;163.160000000;130;9496257202;B
20240131;101034;163.160000000;370;9496257203;B
20240131;101034;163.160000000;10;9496257276;B
20240131;101037;163.160000000;30;9496257639;B
20240131;101038;163.160000000;100;9496257717;B
20240131;101042;163.160000000;50;9496258243;B
20240131;101042;163.160000000;100;9496258254;B
20240131;101042;163.160000000;340;9496258315;B
20240131;101042;163.160000000;200;9496258316;B
20240131;101042;163.160000000;800;9496258317;B
20240131;101042;163.160000000;1000;9496258318;B
20240131;101042;163.160000000;1160;9496258319;B
20240131;101045;163.160000000;10;9496258650;B
20240131;101046;163.160000000;10;9496258841;B
20240131;101046;163.150000000;920;9496258846;S
20240131;101046;163.150000000;300;9496258847;S
20240131;101046;163.150000000;10;9496258848;S
20240131;101046;163.150000000;1320;9496258849;S
20240131;101048;163.150000000;360;9496258991;S
20240131;101048;163.160000000;250;9496258998;B
20240131;101049;163.160000000;20;9496259097;B
20240131;101049;163.160000000;10;9496259186;B
20240131;101050;163.160000000;10;9496259349;B
20240131;101051;163.160000000;30;9496259428;B
20240131;101051;163.150000000;1000;9496259449;S
20240131;101051;163.150000000;500;9496259455;S
20240131;101051;163.150000000;260;9496259456;S
20240131;101051;163.150000000;240;9496259457;S
20240131;101051;163.150000000;260;9496259458;S
20240131;101051;163.150000000;10;9496259459;S
20240131;101051;163.150000000;100;9496259460;S
20240131;101051;163.150000000;10;9496259461;S
20240131;101051;163.150000000;10;9496259462;S
20240131;101051;163.150000000;110;9496259463;S
20240131;101051;163.150000000;80;9496259464;S
20240131;101051;163.150000000;160;9496259465;S
20240131;101051;163.150000000;60;9496259466;S
20240131;101051;163.150000000;200;9496259467;S
20240131;101051;163.150000000;400;9496259480;S
20240131;101052;163.160000000;1000;9496259514;B
20240131;101052;163.150000000;10;9496259530;S
20240131;101054;163.150000000;320;9496259760;S
20240131;101054;163.150000000;60;9496259761;S
20240131;101054;163.150000000;20;9496259762;S
20240131;101054;163.150000000;100;9496259763;S
20240131;101054;163.150000000;300;9496259764;S
20240131;101054;163.150000000;200;9496259913;S
20240131;101054;163.150000000;300;9496259914;S
20240131;101054;163.160000000;10;9496259922;B
20240131;101055;163.160000000;10;9496259958;B
20240131;101057;163.160000000;1500;9496260151;B
20240131;101057;163.150000000;10;9496260157;S
20240131;101057;163.160000000;80;9496260187;B
20240131;101058;163.160000000;190;9496260243;B
20240131;101058;163.160000000;10;9496260256;B
20240131;101058;163.160000000;10;9496260296;B
20240131;101059;163.150000000;590;9496260347;S
20240131;101059;163.150000000;10;9496260348;S
20240131;101059;163.150000000;10;9496260349;S
20240131;101059;163.150000000;730;9496260350;S
20240131;101101;163.160000000;50;9496260649;B
20240131;101101;163.150000000;10;9496260658;S
20240131;101104;163.160000000;10;9496260984;B
20240131;101104;163.160000000;90;9496260985;B
20240131;101105;163.160000000;20;9496261060;B
20240131;101105;163.150000000;100;9496261061;S
20240131;101106;163.150000000;100;9496261114;S
20240131;101106;163.150000000;500;9496261115;S
20240131;101106;163.150000000;500;9496261116;S
20240131;101106;163.150000000;60;9496261117;S
20240131;101106;163.150000000;120;9496261118;S
20240131;101106;163.150000000;10;9496261119;S
20240131;101106;163.140000000;10;9496261120;S
20240131;101106;163.130000000;100;9496261121;S
20240131;101106;163.130000000;400;9496261122;S
20240131;101106;163.130000000;10;9496261123;S
20240131;101106;163.130000000;30;9496261124;S
20240131;101106;163.120000000;2000;9496261167;S
20240131;101106;163.120000000;1970;9496261168;S
20240131;101106;163.120000000;330;9496261169;S
20240131;101106;163.120000000;10;9496261170;S
20240131;101106;163.120000000;10;9496261171;S
20240131;101106;163.110000000;100;9496261172;S
20240131;101106;163.110000000;920;9496261173;S
20240131;101106;163.120000000;500;9496261199;B
20240131;101106;163.110000000;1080;9496261209;S
20240131;101106;163.110000000;50;9496261210;S
20240131;101106;163.110000000;20;9496261211;S
20240131;101106;163.110000000;10;9496261212;S
20240131;101106;163.110000000;60;9496261213;S
20240131;101106;163.110000000;10;9496261214;S
20240131;101106;163.110000000;10;9496261215;S
20240131;101106;163.110000000;50;9496261216;S
20240131;101106;163.100000000;10;9496261217;S
20240131;101106;163.100000000;50;9496261218;S
20240131;101106;163.100000000;100;9496261219;S
20240131;101106;163.100000000;500;9496261220;S
20240131;101106;163.100000000;2630;9496261221;S
20240131;101107;163.100000000;190;9496261225;S
20240131;101107;163.100000000;130;9496261226;S
20240131;101107;163.100000000;400;9496261227;S
20240131;101107;163.100000000;100;9496261228;S
20240131;101107;163.110000000;30;9496261232;B
20240131;101109;163.110000000;10;9496261497;B
20240131;101110;163.110000000;100;9496261594;B
20240131;101111;163.100000000;10;9496261698;S
20240131;101111;163.110000000;10;9496261700;B
20240131;101117;163.110000000;500;9496262429;B
20240131;101119;163.110000000;200;9496262651;B
20240131;101121;163.130000000;10;9496262868;B
20240131;101123;163.130000000;10;9496263035;B
20240131;101130;163.130000000;10;9496263837;B
20240131;101131;163.130000000;100;9496263894;B
20240131;101133;163.130000000;10;9496264157;B
20240131;101135;163.130000000;20;9496264349;B
20240131;101136;163.120000000;10;9496264417;S
20240131;101136;163.130000000;40;9496264490;B
20240131;101136;163.130000000;60;9496264491;B
20240131;101138;163.130000000;100;9496264687;B
20240131;101139;163.120000000;10;9496264897;S
20240131;101139;163.120000000;10;9496264898;S
20240131;101139;163.120000000;170;9496264899;S
20240131;101142;163.130000000;10;9496265245;B
20240131;101142;163.130000000;50;9496265309;B
20240131;101142;163.110000000;10;9496265368;S
20240131;101142;163.110000000;10;9496265369;S
20240131;101142;163.110000000;10;9496265370;S
20240131;101144;163.130000000;670;9496265534;B
20240131;101144;163.130000000;490;9496265535;B
20240131;101144;163.130000000;10;9496265536;B
20240131;101144;163.130000000;110;9496265537;B
20240131;101145;163.150000000;60;9496265725;B
20240131;101149;163.150000000;250;9496266045;B
20240131;101149;163.150000000;250;9496266046;B
20240131;101150;163.140000000;500;9496266227;S
20240131;101151;163.140000000;500;9496266332;S
20240131;101151;163.140000000;500;9496266333;S
20240131;101151;163.140000000;200;9496266334;S
20240131;101153;163.140000000;670;9496266587;S
20240131;101153;163.140000000;40;9496266666;S
20240131;101157;163.150000000;10;9496266989;B
20240131;101201;163.150000000;240;9496267375;B
20240131;101201;163.150000000;170;9496267376;B
20240131;101201;163.150000000;540;9496267377;B
20240131;101202;163.150000000;20;9496267573;B
20240131;101203;163.130000000;300;9496267620;S
20240131;101204;163.140000000;10;9496267728;B
20240131;101209;163.130000000;10;9496268332;S
20240131;101210;163.140000000;20;9496268519;B
20240131;101212;163.140000000;50;9496268799;B
20240131;101214;163.140000000;10;9496268972;B
20240131;101222;163.150000000;10;9496270011;B
20240131;101223;163.140000000;10;9496270056;S
20240131;101223;163.140000000;110;9496270057;S
20240131;101226;163.150000000;40;9496270507;B
20240131;101232;163.140000000;10;9496271089;S
20240131;101233;163.140000000;880;9496271128;S
20240131;101233;163.140000000;50;9496271129;S
20240131;101233;163.140000000;4950;9496271130;S
20240131;101233;163.140000000;50;9496271131;S
20240131;101233;163.140000000;20;9496271132;S
20240131;101234;163.130000000;500;9496271222;S
20240131;101234;163.140000000;100;9496271231;B
20240131;101237;163.140000000;100;9496271480;B
20240131;101237;163.140000000;10;9496271577;B
20240131;101238;163.140000000;10;9496271637;B
20240131;101238;163.140000000;10;9496271689;B
20240131;101238;163.130000000;20;9496271826;S
20240131;101239;163.140000000;20;9496271952;B
20240131;101240;163.140000000;50;9496271992;B
20240131;101241;163.140000000;10;9496272210;B
20240131;101245;163.140000000;50;9496272536;B
20240131;101248;163.140000000;10;9496272894;B
20240131;101249;163.140000000;30;9496272976;B
20240131;101250;163.130000000;100;9496273144;S
20240131;101250;163.140000000;10;9496273166;B
20240131;101251;163.140000000;20;9496273312;B
20240131;101252;163.140000000;160;9496273413;B
20240131;101255;163.140000000;10;9496273730;B
20240131;101257;163.130000000;400;9496274040;S
20240131;101258;163.130000000;360;9496274071;S
20240131;101258;163.140000000;50;9496274101;B
20240131;101258;163.140000000;10;9496274105;B
20240131;101303;163.140000000;10;9496274738;B
20240131;101306;163.140000000;10;9496275579;B
20240131;101309;163.130000000;610;9496276109;S
20240131;101309;163.140000000;370;9496276120;B
20240131;101309;163.140000000;20;9496276121;B
20240131;101309;163.140000000;500;9496276122;B
20240131;101309;163.140000000;320;9496276123;B
20240131;101309;163.140000000;10;9496276158;B
20240131;101309;163.140000000;20;9496276172;S
20240131;101316;163.150000000;10;9496276797;B
20240131;101316;163.150000000;10;9496276828;B
20240131;101320;163.140000000;20;9496277209;S
20240131;101320;163.140000000;20;9496277210;S
20240131;101320;163.140000000;460;9496277211;S
20240131;101320;163.140000000;500;9496277212;S
20240131;101320;163.140000000;40;9496277213;S
20240131;101320;163.140000000;100;9496277214;S
20240131;101320;163.140000000;10;9496277277;B
20240131;101320;163.140000000;10;9496277279;B
20240131;101321;163.130000000;40;9496277364;S
20240131;101322;163.130000000;20;9496277451;S
20240131;101324;163.140000000;340;9496277772;B
20240131;101324;163.140000000;500;9496277773;B
20240131;101324;163.140000000;500;9496277774;B
20240131;101325;163.150000000;30;9496277853;B
20240131;101326;163.150000000;100;9496277965;B
20240131;101327;163.150000000;10;9496278024;B
20240131;101328;163.150000000;10;9496278144;B
20240131;101333;163.150000000;30;9496278837;B
20240131;101337;163.140000000;200;9496279195;S
20240131;101341;163.150000000;10;9496279969;B
20240131;101342;163.140000000;460;9496280014;S
20240131;101342;163.140000000;740;9496280015;S
20240131;101343;163.150000000;180;9496280128;B
20240131;101343;163.150000000;20;9496280129;B
20240131;101343;163.150000000;10;9496280194;B
20240131;101344;163.140000000;20;9496280280;S
20240131;101344;163.150000000;10;9496280362;B
20240131;101345;163.150000000;50;9496280453;B
20240131;101346;163.150000000;50;9496280589;B
20240131;101349;163.150000000;20;9496280963;B
20240131;101350;163.140000000;210;9496281014;S
20240131;101352;163.140000000;10;9496281266;S
20240131;101353;163.140000000;10;9496281454;S
20240131;101354;163.140000000;10;9496281596;S
20240131;101354;163.140000000;60;9496281597;S
20240131;101355;163.150000000;50;9496281649;B
20240131;101355;163.150000000;50;9496281664;B
20240131;101355;163.150000000;4000;9496281665;B
20240131;101355;163.150000000;10;9496281666;B
20240131;101355;163.150000000;50;9496281667;B
20240131;101355;163.150000000;500;9496281668;S
20240131;101355;163.150000000;500;9496281669;S
20240131;101355;163.150000000;500;9496281670;S
20240131;101355;163.150000000;500;9496281671;S
20240131;101355;163.150000000;500;9496281672;S
20240131;101355;163.150000000;500;9496281673;S
20240131;101355;163.150000000;500;9496281674;S
20240131;101355;163.150000000;500;9496281675;S
20240131;101355;163.150000000;500;9496281676;S
20240131;101355;163.150000000;500;9496281678;S
20240131;101355;163.150000000;500;9496281679;S
20240131;101355;163.150000000;390;9496281680;S
20240131;101355;163.150000000;110;9496281681;S
20240131;101355;163.140000000;200;9496281684;S
20240131;101355;163.140000000;10;9496281685;S
20240131;101355;163.140000000;290;9496281686;S
20240131;101355;163.140000000;20;9496281687;S
20240131;101355;163.140000000;10;9496281688;S
20240131;101355;163.140000000;470;9496281689;S
20240131;101355;163.140000000;500;9496281690;S
20240131;101355;163.140000000;500;9496281691;S
20240131;101355;163.140000000;500;9496281692;S
20240131;101355;163.140000000;500;9496281693;S
20240131;101355;163.140000000;400;9496281694;S
20240131;101400;163.140000000;40;9496282263;B
20240131;101404;163.130000000;30;9496282946;S
20240131;101407;163.130000000;10;9496283323;S
20240131;101409;163.130000000;120;9496283503;S
20240131;101410;163.130000000;10;9496283565;S
20240131;101411;163.140000000;30;9496283687;B
20240131;101413;163.140000000;30;9496283910;B
20240131;101413;163.140000000;120;9496283911;B
20240131;101415;163.140000000;300;9496284080;B
20240131;101415;163.130000000;1080;9496284161;S
20240131;101416;163.140000000;20;9496284230;B
20240131;101416;163.140000000;10;9496284282;B
20240131;101417;163.140000000;550;9496284327;B
20240131;101417;163.140000000;800;9496284328;B
20240131;101417;163.140000000;500;9496284329;B
20240131;101417;163.140000000;500;9496284330;B
20240131;101417;163.140000000;500;9496284331;B
20240131;101417;163.140000000;500;9496284332;B
20240131;101417;163.140000000;430;9496284333;B
20240131;101417;163.140000000;20;9496284360;S
20240131;101423;163.150000000;20;9496284979;B
20240131;101425;163.150000000;380;9496285208;B
20240131;101425;163.150000000;100;9496285209;B
20240131;101425;163.150000000;500;9496285210;B
20240131;101425;163.150000000;20;9496285211;B
20240131;101427;163.150000000;300;9496285467;B
20240131;101431;163.150000000;180;9496286199;B
20240131;101431;163.150000000;500;9496286200;B
20240131;101431;163.150000000;500;9496286201;B
20240131;101431;163.150000000;500;9496286202;B
20240131;101431;163.150000000;200;9496286203;B
20240131;101431;163.150000000;300;9496286228;B
20240131;101431;163.150000000;420;9496286229;B
20240131;101432;163.150000000;80;9496286373;B
20240131;101432;163.150000000;500;9496286374;B
20240131;101433;163.160000000;20;9496286537;B
20240131;101442;163.160000000;50;9496287474;B
20240131;101442;163.160000000;220;9496287475;B
20240131;101442;163.160000000;10;9496287494;B
20240131;101445;163.160000000;50;9496287850;B
20240131;101448;163.160000000;10;9496288316;B
20240131;101448;163.160000000;50;9496288373;B
20240131;101449;163.160000000;50;9496288465;B
20240131;101449;163.160000000;610;9496288555;B
20240131;101449;163.160000000;390;9496288556;B
20240131;101449;163.160000000;10;9496288573;B
20240131;101450;163.160000000;300;9496288596;B
20240131;101452;163.160000000;40;9496288849;B
20240131;101455;163.160000000;20;9496289321;B
20240131;101455;163.160000000;240;9496289322;B
20240131;101455;163.160000000;60;9496289323;B
20240131;101456;163.150000000;20;9496289497;S
20240131;101458;163.160000000;180;9496289677;B
20240131;101459;163.160000000;760;9496289822;B
20240131;101459;163.160000000;1000;9496289823;B
20240131;101459;163.160000000;1000;9496289824;B
20240131;101459;163.160000000;240;9496289825;B
20240131;101500;163.160000000;10;9496289873;B
20240131;101500;163.160000000;10;9496289894;B
20240131;101501;163.160000000;280;9496290021;B
20240131;101503;163.160000000;100;9496290429;B
20240131;101504;163.150000000;280;9496290444;S
20240131;101504;163.150000000;220;9496290445;S
20240131;101504;163.150000000;250;9496290446;S
20240131;101504;163.150000000;500;9496290447;S
20240131;101504;163.150000000;30;9496290448;S
20240131;101504;163.150000000;470;9496290449;S
20240131;101504;163.160000000;40;9496290542;B
20240131;101505;163.160000000;20;9496290620;B
20240131;101507;163.150000000;330;9496291052;S
20240131;101507;163.150000000;1000;9496291053;S
20240131;101507;163.150000000;1840;9496291054;S
20240131;101507;163.150000000;10000;9496291055;S
20240131;101507;163.150000000;20;9496291056;S
20240131;101507;163.150000000;1000;9496291057;S
20240131;101507;163.150000000;100;9496291058;S
20240131;101507;163.150000000;40;9496291059;S
20240131;101507;163.150000000;10;9496291060;S
20240131;101507;163.150000000;10;9496291061;S
20240131;101507;163.150000000;8280;9496291062;S
20240131;101507;163.150000000;10;9496291063;S
20240131;101507;163.150000000;300;9496291064;S
20240131;101507;163.150000000;6300;9496291065;S
20240131;101507;163.150000000;10;9496291066;S
20240131;101507;163.150000000;1750;9496291067;S
20240131;101508;163.160000000;300;9496291317;B
20240131;101508;163.160000000;700;9496291318;B
20240131;101510;163.150000000;10;9496291512;S
20240131;101510;163.160000000;10;9496291628;B
20240131;101516;163.150000000;10;9496292637;S
20240131;101516;163.160000000;40;9496292765;B
20240131;101517;163.150000000;80;9496292790;S
20240131;101518;163.150000000;10;9496293217;S
20240131;101519;163.150000000;10;9496293251;S
20240131;101521;163.160000000;100;9496293785;B
20240131;101522;163.160000000;100;9496293969;B
20240131;101523;163.160000000;50;9496294309;B
20240131;101523;163.160000000;1000;9496294310;B
20240131;101523;163.160000000;70;9496294311;B
20240131;101523;163.160000000;80;9496294312;B
20240131;101523;163.160000000;230;9496294313;B
20240131;101523;163.160000000;50;9496294322;B
20240131;101524;163.160000000;50;9496294560;B
20240131;101524;163.190000000;30;9496294601;S
20240131;101532;163.190000000;120;9496296425;S
20240131;101532;163.200000000;10;9496296462;B
20240131;101533;163.200000000;30;9496296767;B
20240131;101533;163.210000000;20;9496296768;B
20240131;101535;163.200000000;10;9496296984;S
20240131;101536;163.200000000;600;9496297459;S
20240131;101544;163.210000000;780;9496298707;B
20240131;101548;163.220000000;20;9496299600;B
20240131;101548;163.210000000;40;9496299616;S
20240131;101548;163.210000000;180;9496299619;S
20240131;101551;163.210000000;670;9496300108;S
20240131;101551;163.210000000;930;9496300109;S
20240131;101551;163.220000000;80;9496300160;B
20240131;101553;163.210000000;60;9496300426;S
20240131;101554;163.220000000;10;9496300530;B
20240131;101557;163.210000000;10;9496301101;S
20240131;101557;163.210000000;800;9496301102;S
20240131;101557;163.210000000;720;9496301103;S
20240131;101557;163.220000000;10;9496301123;B
20240131;101558;163.220000000;80;9496301375;B
20240131;101558;163.220000000;10;9496301376;B
20240131;101606;163.240000000;10;9496302741;B
20240131;101606;163.250000000;1190;9496302742;B
20240131;101609;163.240000000;300;9496303341;S
20240131;101609;163.240000000;1000;9496303342;S
20240131;101609;163.240000000;800;9496303343;S
20240131;101609;163.240000000;5090;9496303344;S
20240131;101609;163.230000000;1000;9496303345;S
20240131;101609;163.230000000;1840;9496303346;S
20240131;101609;163.220000000;910;9496303347;S
20240131;101609;163.220000000;10;9496303348;S
20240131;101609;163.220000000;410;9496303349;S
20240131;101614;163.250000000;60;9496304205;B
20240131;101614;163.250000000;20;9496304206;B
20240131;101614;163.260000000;20;9496304207;B
20240131;101615;163.250000000;20;9496304343;B
20240131;101618;163.250000000;10;9496304906;B
20240131;101620;163.250000000;200;9496305176;B
20240131;101620;163.250000000;10;9496305230;B
20240131;101621;163.250000000;10;9496305434;B
20240131;101622;163.250000000;20;9496305573;B
20240131;101624;163.250000000;130;9496305926;B
20240131;101624;163.250000000;70;9496305927;B
20240131;101625;163.240000000;800;9496305983;S
20240131;101625;163.240000000;1000;9496305984;S
20240131;101625;163.230000000;400;9496305985;S
20240131;101626;163.240000000;800;9496306148;S
20240131;101626;163.240000000;490;9496306149;S
20240131;101626;163.250000000;10;9496306212;B
20240131;101633;163.250000000;140;9496307387;B
20240131;101633;163.250000000;10;9496307388;B
20240131;101636;163.250000000;50;9496307857;B
20240131;101636;163.260000000;20;9496307858;B
20240131;101636;163.280000000;230;9496307859;B
20240131;101640;163.280000000;590;9496308509;B
20240131;101641;163.280000000;140;9496308700;B
20240131;101646;163.260000000;10;9496309341;S
20240131;101649;163.280000000;10;9496309777;B
20240131;101656;163.300000000;30;9496311055;B
20240131;101656;163.300000000;330;9496311056;B
20240131;101657;163.290000000;10;9496311206;B
20240131;101700;163.290000000;40;9496311622;B
20240131;101700;163.290000000;30;9496311698;S
20240131;101701;163.300000000;10;9496311809;B
20240131;101701;163.290000000;520;9496311822;S
20240131;101703;163.300000000;10;9496312008;B
20240131;101703;163.300000000;1650;9496312111;B
20240131;101703;163.300000000;300;9496312112;B
20240131;101703;163.300000000;1000;9496312116;S
20240131;101703;163.310000000;10;9496312135;B
20240131;101706;163.310000000;80;9496312546;B
20240131;101708;163.320000000;20;9496312801;B
20240131;101708;163.340000000;10;9496312802;B
20240131;101708;163.350000000;50;9496312803;B
20240131;101708;163.350000000;10;9496312804;B
20240131;101708;163.330000000;140;9496312856;B
20240131;101710;163.310000000;500;9496313133;B
20240131;101713;163.300000000;260;9496313719;S
20240131;101714;163.310000000;140;9496313910;B
20240131;101716;163.300000000;1000;9496314086;S
20240131;101716;163.310000000;160;9496314218;B
20240131;101716;163.320000000;440;9496314219;B
20240131;101719;163.300000000;80;9496314596;S
20240131;101719;163.310000000;50;9496314727;B
20240131;101725;163.310000000;30;9496315641;B
20240131;101730;163.300000000;20;9496316475;S
20240131;101734;163.300000000;20;9496317309;S
20240131;101734;163.330000000;800;9496317386;B
20240131;101734;163.350000000;200;9496317387;B
20240131;101737;163.320000000;10;9496317957;S
20240131;101743;163.340000000;10;9496318729;B
20240131;101743;163.340000000;60;9496318782;B
20240131;101747;163.340000000;10;9496319317;B
20240131;101747;163.320000000;2580;9496319352;S
20240131;101747;163.320000000;1000;9496319353;S
20240131;101747;163.320000000;10;9496319354;S
20240131;101747;163.310000000;30;9496319355;S
20240131;101747;163.300000000;550;9496319356;S
20240131;101747;163.300000000;1000;9496319357;S
20240131;101747;163.300000000;20;9496319358;S
20240131;101747;163.300000000;300;9496319359;S
20240131;101747;163.300000000;50;9496319360;S
20240131;101747;163.300000000;40;9496319361;S
20240131;101747;163.300000000;50;9496319362;S
20240131;101747;163.300000000;300;9496319363;S
20240131;101747;163.300000000;100;9496319364;S
20240131;101747;163.300000000;60;9496319365;S
20240131;101747;163.300000000;1000;9496319371;B
20240131;101748;163.290000000;30;9496319483;B
20240131;101751;163.290000000;40;9496319918;B
20240131;101752;163.290000000;930;9496320089;B
20240131;101752;163.300000000;70;9496320090;B
20240131;101752;163.290000000;30;9496320151;B
20240131;101755;163.290000000;10;9496320574;B
20240131;101757;163.290000000;960;9496320986;B
20240131;101757;163.300000000;2040;9496320987;B
20240131;101803;163.290000000;150;9496321788;B
20240131;101803;163.280000000;10;9496321814;S
20240131;101803;163.280000000;50;9496321815;S
20240131;101803;163.270000000;40;9496321816;S
20240131;101803;163.270000000;40;9496321867;S
20240131;101803;163.290000000;850;9496321885;B
20240131;101803;163.290000000;800;9496321886;B
20240131;101803;163.290000000;520;9496321899;S
20240131;101805;163.300000000;3000;9496322153;B
20240131;101808;163.290000000;500;9496322709;S
20240131;101811;163.300000000;20;9496323167;B
20240131;101813;163.300000000;500;9496323398;B
20240131;101815;163.300000000;100;9496323740;B
20240131;101816;163.300000000;10;9496324047;B
20240131;101817;163.300000000;20;9496324305;B
20240131;101817;163.300000000;20;9496324400;B
20240131;101817;163.290000000;350;9496324406;S
20240131;101822;163.300000000;300;9496325150;B
20240131;101825;163.300000000;20;9496325570;B
20240131;101826;163.300000000;10;9496325743;B
20240131;101826;163.300000000;260;9496325781;B
20240131;101826;163.300000000;10;9496325799;B
20240131;101827;163.300000000;300;9496325800;B
20240131;101829;163.290000000;10;9496326067;S
20240131;101831;163.300000000;10;9496326427;B
20240131;101833;163.300000000;10;9496326725;B
20240131;101833;163.300000000;30;9496326744;B
20240131;101833;163.300000000;80;9496326756;B
20240131;101835;163.290000000;10;9496326954;S
20240131;101835;163.300000000;100;9496326984;B
20240131;101837;163.290000000;10;9496327150;S
20240131;101840;163.300000000;30;9496327572;B
20240131;101840;163.300000000;10;9496327598;B
20240131;101844;163.300000000;10;9496328176;B
20240131;101845;163.300000000;50;9496328233;B
20240131;101845;163.290000000;250;9496328290;S
20240131;101846;163.300000000;80;9496328430;B
20240131;101847;163.300000000;100;9496328548;B
20240131;101848;163.290000000;4700;9496328598;S
20240131;101848;163.290000000;20;9496328599;S
20240131;101848;163.290000000;100;9496328600;S
20240131;101848;163.290000000;800;9496328601;S
20240131;101849;163.300000000;60;9496328695;B
20240131;101850;163.290000000;120;9496328784;S
20240131;101850;163.270000000;20;9496328785;S
20240131;101850;163.260000000;30;9496328786;S
20240131;101850;163.260000000;40;9496328787;S
20240131;101850;163.260000000;10;9496328788;S
20240131;101850;163.260000000;50;9496328789;S
20240131;101850;163.250000000;10;9496328790;S
20240131;101850;163.250000000;1000;9496328791;S
20240131;101850;163.250000000;50;9496328792;S
20240131;101850;163.250000000;10;9496328793;S
20240131;101850;163.250000000;10;9496328794;S
20240131;101850;163.250000000;20;9496328795;S
20240131;101850;163.250000000;500;9496328796;S
20240131;101850;163.250000000;50;9496328797;S
20240131;101850;163.250000000;10;9496328798;S
20240131;101850;163.240000000;10;9496328799;S
20240131;101850;163.240000000;10;9496328800;S
20240131;101850;163.240000000;50;9496328801;S
20240131;101850;163.240000000;50;9496328802;S
20240131;101850;163.230000000;100;9496328803;S
20240131;101850;163.230000000;20;9496328804;S
20240131;101850;163.220000000;10;9496328805;S
20240131;101850;163.220000000;100;9496328806;S
20240131;101850;163.220000000;30;9496328807;S
20240131;101850;163.220000000;3680;9496328808;S
20240131;101850;163.210000000;5730;9496328809;S
20240131;101851;163.220000000;10;9496328904;B
20240131;101854;163.230000000;100;9496329357;B
20240131;101857;163.240000000;20;9496329717;B
20240131;101859;163.210000000;10;9496329897;S
20240131;101859;163.210000000;90;9496329898;S
20240131;101901;163.240000000;300;9496330201;B
20240131;101901;163.240000000;40;9496330278;B
20240131;101902;163.240000000;10;9496330374;B
20240131;101903;163.240000000;10;9496330426;B
20240131;101904;163.240000000;10;9496330638;B
20240131;101905;163.240000000;10;9496330745;B
20240131;101908;163.210000000;10;9496331076;S
20240131;101908;163.210000000;10;9496331077;S
20240131;101908;163.210000000;320;9496331078;S
20240131;101910;163.240000000;30;9496331171;B
20240131;101910;163.250000000;10;9496331172;B
20240131;101913;163.240000000;130;9496331622;B
20240131;101914;163.210000000;10;9496331855;S
20240131;101915;163.240000000;10;9496332010;B
20240131;101922;163.240000000;380;9496333264;B
20240131;101922;163.270000000;50;9496333265;B
20240131;101922;163.270000000;550;9496333266;B
20240131;101922;163.290000000;20;9496333267;B
20240131;101925;163.230000000;20;9496333663;S
20240131;101927;163.230000000;1600;9496333956;S
20240131;101927;163.260000000;10;9496333989;B
20240131;101928;163.230000000;20;9496334093;S
20240131;101932;163.260000000;290;9496334646;B
20240131;101932;163.270000000;10;9496334647;B
20240131;101934;163.240000000;30;9496334874;S
20240131;101934;163.230000000;370;9496334875;S
20240131;101934;163.260000000;100;9496334876;B
20240131;101935;163.230000000;50;9496335230;S
20240131;101935;163.230000000;100;9496335231;S
20240131;101935;163.230000000;200;9496335232;S
20240131;101935;163.220000000;10;9496335233;S
20240131;101935;163.220000000;80;9496335234;S
20240131;101935;163.220000000;50;9496335235;S
20240131;101935;163.210000000;170;9496335236;S
20240131;101935;163.210000000;100;9496335237;S
20240131;101935;163.210000000;40;9496335238;S
20240131;101935;163.210000000;60;9496335269;S
20240131;101935;163.210000000;40;9496335270;S
20240131;101935;163.210000000;200;9496335271;S
20240131;101935;163.210000000;10;9496335272;S
20240131;101935;163.210000000;150;9496335273;S
20240131;101935;163.210000000;50;9496335274;S
20240131;101935;163.210000000;20;9496335275;S
20240131;101935;163.200000000;50;9496335276;S
20240131;101935;163.200000000;20;9496335277;S
20240131;101935;163.200000000;400;9496335282;S
20240131;101936;163.220000000;1000;9496335347;B
20240131;101938;163.220000000;800;9496335700;S
20240131;101938;163.220000000;150;9496335723;S
20240131;101938;163.210000000;250;9496335724;S
20240131;101941;163.230000000;10;9496335959;B
20240131;101941;163.230000000;20;9496335996;B
20240131;101945;163.230000000;20;9496336480;B
20240131;101951;163.230000000;480;9496337205;S
20240131;101951;163.230000000;30;9496337206;S
20240131;101951;163.230000000;10;9496337207;S
20240131;101951;163.210000000;2700;9496337208;S
20240131;101951;163.210000000;20;9496337209;S
20240131;101951;163.200000000;580;9496337210;S
20240131;101951;163.200000000;10;9496337211;S
20240131;101951;163.200000000;10;9496337212;S
20240131;101951;163.200000000;590;9496337213;S
20240131;101951;163.200000000;10;9496337214;S
20240131;101951;163.200000000;50;9496337215;S
20240131;101951;163.200000000;10;9496337216;S
20240131;101951;163.200000000;10;9496337217;S
20240131;101951;163.200000000;30;9496337218;S
20240131;101951;163.200000000;20;9496337219;S
20240131;101951;163.200000000;50;9496337220;S
20240131;101951;163.200000000;50;9496337221;S
20240131;101951;163.200000000;100;9496337222;S
20240131;101951;163.190000000;10;9496337223;S
20240131;101951;163.190000000;10;9496337224;S
20240131;101951;163.190000000;10;9496337225;S
20240131;101951;163.180000000;10;9496337226;S
20240131;101951;163.180000000;10;9496337227;S
20240131;101951;163.180000000;10;9496337228;S
20240131;101951;163.180000000;300;9496337229;S
20240131;101951;163.170000000;10;9496337230;S
20240131;101951;163.170000000;10;9496337231;S
20240131;101951;163.170000000;2140;9496337232;S
20240131;101951;163.160000000;10;9496337233;S
20240131;101951;163.160000000;10;9496337234;S
20240131;101951;163.160000000;10;9496337235;S
20240131;101951;163.160000000;100;9496337236;S
20240131;101951;163.160000000;800;9496337237;S
20240131;101951;163.150000000;10;9496337238;S
20240131;101951;163.150000000;10;9496337239;S
20240131;101951;163.150000000;100;9496337240;S
20240131;101951;163.150000000;10;9496337241;S
20240131;101951;163.150000000;10;9496337242;S
20240131;101951;163.150000000;10;9496337243;S
20240131;101951;163.150000000;20;9496337244;S
20240131;101951;163.150000000;1840;9496337245;S
20240131;101951;163.150000000;10;9496337246;S
20240131;101951;163.150000000;1310;9496337247;S
20240131;101951;163.140000000;100;9496337248;S
20240131;101951;163.140000000;10;9496337249;S
20240131;101951;163.140000000;10;9496337250;S
20240131;101951;163.140000000;250;9496337251;S
20240131;101951;163.140000000;4910;9496337252;S
20240131;101951;163.140000000;10;9496337253;S
20240131;101951;163.140000000;10;9496337254;S
20240131;101951;163.140000000;1000;9496337255;S
20240131;101951;163.130000000;10;9496337270;S
20240131;101952;163.140000000;500;9496337407;B
20240131;101955;163.140000000;1000;9496337791;B
20240131;101955;163.140000000;20;9496337823;B
20240131;101958;163.130000000;10;9496338208;S
20240131;101958;163.140000000;10;9496338219;B
20240131;101958;163.140000000;30;9496338282;B
20240131;102001;163.140000000;500;9496338613;B
20240131;102001;163.130000000;1200;9496338646;S
20240131;102001;163.130000000;800;9496338664;S
20240131;102002;163.130000000;400;9496338685;S
20240131;102002;163.130000000;30;9496338713;S
20240131;102002;163.130000000;560;9496338733;S
20240131;102002;163.140000000;10;9496338764;B
20240131;102002;163.130000000;600;9496338816;S
20240131;102004;163.140000000;10;9496339054;B
20240131;102005;163.130000000;400;9496339204;S
20240131;102005;163.130000000;600;9496339256;S
20240131;102006;163.140000000;50;9496339291;B
20240131;102007;163.130000000;1200;9496339499;S
20240131;102007;163.130000000;1600;9496339566;S
20240131;102007;163.130000000;20;9496339624;S
20240131;102007;163.130000000;100;9496339625;S
20240131;102007;163.130000000;500;9496339626;S
20240131;102007;163.130000000;1180;9496339627;S
20240131;102007;163.130000000;1820;9496339699;S
20240131;102007;163.130000000;10;9496339700;S
20240131;102007;163.130000000;100;9496339701;S
20240131;102007;163.130000000;50;9496339702;S
20240131;102007;163.130000000;20;9496339703;S
20240131;102007;163.130000000;80;9496339742;S
20240131;102007;163.130000000;10;9496339743;S
20240131;102007;163.130000000;10;9496339744;S
20240131;102007;163.130000000;10;9496339745;S
20240131;102007;163.130000000;2090;9496339746;S
20240131;102007;163.120000000;50;9496339750;S
20240131;102007;163.120000000;50;9496339751;S
20240131;102007;163.120000000;10;9496339752;S
20240131;102007;163.120000000;10;9496339753;S
20240131;102007;163.120000000;10;9496339754;S
20240131;102007;163.120000000;100;9496339755;S
20240131;102007;163.120000000;90;9496339756;S
20240131;102007;163.120000000;150;9496339757;S
20240131;102007;163.120000000;10;9496339758;S
20240131;102007;163.120000000;20;9496339759;S
20240131;102007;163.120000000;700;9496339760;S
20240131;102008;163.120000000;20;9496339786;B
20240131;102008;163.120000000;10;9496339918;B
20240131;102009;163.120000000;500;9496340072;B
20240131;102016;163.120000000;50;9496343997;B
20240131;102017;163.110000000;20;9496344329;S
20240131;102018;163.120000000;30;9496344467;B
20240131;102018;163.120000000;60;9496344935;B
20240131;102019;163.110000000;120;9496345010;S
20240131;102019;163.110000000;200;9496345011;S
20240131;102019;163.110000000;10;9496345012;S
20240131;102019;163.110000000;10;9496345013;S
20240131;102019;163.110000000;10;9496345014;S
20240131;102019;163.110000000;500;9496345015;S
20240131;102019;163.110000000;10;9496345016;S
20240131;102019;163.110000000;50;9496345017;S
20240131;102019;163.110000000;40;9496345018;S
20240131;102019;163.110000000;200;9496345019;S
20240131;102019;163.100000000;250;9496345020;S
20240131;102019;163.120000000;20;9496345047;B
20240131;102019;163.110000000;10;9496345086;B
20240131;102019;163.110000000;60;9496345299;B
20240131;102019;163.100000000;290;9496345348;S
20240131;102019;163.100000000;20;9496345349;S
20240131;102019;163.100000000;10;9496345350;S
20240131;102019;163.100000000;20;9496345351;S
20240131;102019;163.100000000;60;9496345352;S
20240131;102019;163.100000000;150;9496345353;S
20240131;102019;163.100000000;380;9496345354;S
20240131;102019;163.100000000;60;9496345355;S
20240131;102019;163.100000000;90;9496345356;S
20240131;102019;163.100000000;10;9496345357;S
20240131;102019;163.100000000;30;9496345358;S
20240131;102019;163.100000000;80;9496345359;S
20240131;102019;163.100000000;200;9496345360;S
20240131;102019;163.100000000;10;9496345361;S
20240131;102019;163.100000000;50;9496345362;S
20240131;102019;163.100000000;10;9496345363;S
20240131;102019;163.100000000;10;9496345364;S
20240131;102019;163.100000000;210;9496345365;S
20240131;102019;163.100000000;300;9496345366;S
20240131;102019;163.100000000;10;9496345367;S
20240131;102021;163.120000000;1000;9496345645;B
20240131;102021;163.120000000;500;9496345646;B
20240131;102021;163.120000000;10;9496345647;B
20240131;102021;163.120000000;10;9496346025;S
20240131;102021;163.120000000;10;9496346035;S
20240131;102021;163.120000000;10;9496346059;S
20240131;102021;163.120000000;10;9496346077;S
20240131;102021;163.120000000;10;9496346089;S
20240131;102021;163.120000000;10;9496346107;S
20240131;102022;163.120000000;10;9496346120;S
20240131;102022;163.120000000;10;9496346130;S
20240131;102022;163.120000000;10;9496346146;S
20240131;102022;163.120000000;10;9496346149;S
20240131;102022;163.120000000;10;9496346153;S
20240131;102023;163.130000000;500;9496346953;B
20240131;102023;163.140000000;10030;9496346954;B
20240131;102023;163.140000000;540;9496346955;B
20240131;102023;163.140000000;40;9496346956;B
20240131;102023;163.150000000;140;9496346957;B
20240131;102023;163.150000000;300;9496346958;B
20240131;102023;163.180000000;1000;9496346959;B
20240131;102023;163.180000000;2000;9496346960;B
20240131;102023;163.180000000;1840;9496346961;B
20240131;102023;163.190000000;1000;9496346962;B
20240131;102023;163.190000000;2000;9496346963;B
20240131;102023;163.190000000;3680;9496346964;B
20240131;102023;163.190000000;3680;9496346965;B
20240131;102023;163.190000000;2140;9496346966;B
20240131;102023;163.200000000;1000;9496346967;B
20240131;102023;163.200000000;30000;9496346968;B
20240131;102023;163.200000000;220;9496346969;B
20240131;102023;163.200000000;800;9496346970;B
20240131;102023;163.210000000;50;9496346971;B
20240131;102023;163.210000000;1000;9496346972;B
20240131;102023;163.210000000;220;9496346973;B
20240131;102023;163.210000000;500;9496346974;B
20240131;102023;163.220000000;1000;9496346975;B
20240131;102023;163.220000000;500;9496346976;B
20240131;102023;163.220000000;220;9496346977;B
20240131;102023;163.230000000;1000;9496346978;B
20240131;102023;163.230000000;500;9496346979;B
20240131;102023;163.230000000;7000;9496346980;B
20240131;102023;163.230000000;220;9496346981;B
20240131;102023;163.240000000;1000;9496346982;B
20240131;102023;163.240000000;500;9496346983;B
20240131;102023;163.240000000;220;9496346984;B
20240131;102023;163.240000000;1400;9496346985;S
20240131;102023;163.240000000;1500;9496346986;S
20240131;102023;163.240000000;3000;9496346987;S
20240131;102023;163.240000000;300;9496346988;S
20240131;102023;163.240000000;100;9496346989;S
20240131;102023;163.240000000;1000;9496346990;S
20240131;102023;163.240000000;140;9496346991;S
20240131;102023;163.240000000;100;9496346992;S
20240131;102023;163.240000000;300;9496346993;S
20240131;102023;163.240000000;400;9496346994;S
20240131;102023;163.240000000;200;9496346995;S
20240131;102023;163.240000000;300;9496346996;S
20240131;102023;163.240000000;200;9496346997;S
20240131;102023;163.240000000;100;9496346998;S
20240131;102023;163.240000000;1000;9496346999;S
20240131;102023;163.240000000;1000;9496347000;S
20240131;102023;163.250000000;600;9496347001;B
20240131;102023;163.250000000;100;9496347002;B
20240131;102023;163.250000000;300;9496347003;B
20240131;102023;163.240000000;200;9496347004;S
20240131;102023;163.250000000;100;9496347007;B
20240131;102023;163.250000000;40;9496347008;B
20240131;102023;163.250000000;160;9496347010;B
20240131;102024;163.260000000;20;9496347146;B
20240131;102032;163.280000000;500;9496350103;S
20240131;102032;163.280000000;500;9496350104;S
20240131;102034;163.270000000;10;9496351064;S
20240131;102035;163.300000000;30;9496351139;B
20240131;102039;163.280000000;10;9496352170;S
20240131;102039;163.260000000;1000;9496352171;S
20240131;102039;163.250000000;3680;9496352172;S
20240131;102039;163.240000000;810;9496352173;S
20240131;102039;163.250000000;10;9496352301;S
20240131;102040;163.250000000;10;9496352484;S
20240131;102043;163.290000000;40;9496354834;B
20240131;102044;163.270000000;300;9496354969;B
20240131;102045;163.290000000;40;9496355366;B
20240131;102049;163.290000000;10;9496356612;B
