<DATE>;<TIME>;<LAST>;<VOL>;<ID>;<OPER>
20240312;095932;160.79;20;9812955408;B
20240312;095932;160.79;60;9812955409;B
20240312;095932;160.79;190;9812955410;S
20240312;095932;160.79;470;9812955411;S
20240312;095932;160.79;10;9812955412;S
20240312;095932;160.79;30;9812955413;S
20240312;095932;160.79;280;9812955414;S
20240312;095932;160.79;50;9812955415;S
20240312;095932;160.79;100;9812955416;S
20240312;095932;160.79;20;9812955417;S
20240312;095932;160.79;40;9812955418;S
20240312;095932;160.79;400;9812955419;S
20240312;095932;160.79;30;9812955420;S
20240312;095932;160.79;1500;9812955421;S
20240312;095932;160.79;1500;9812955422;S
20240312;095932;160.79;10;9812955423;S
20240312;095932;160.79;10;9812955424;S
20240312;095932;160.79;250;9812955425;S
20240312;095932;160.79;10;9812955426;S
20240312;095932;160.79;10;9812955427;S
20240312;095932;160.79;40;9812955428;S
20240312;095932;160.79;250;9812955429;S
20240312;095932;160.79;10;9812955430;S
20240312;095932;160.79;10;9812955431;S
20240312;095932;160.79;200;9812955432;S
20240312;095932;160.79;420;9812955433;S
20240312;095932;160.79;190;9812955434;S
20240312;095932;160.79;50;9812955435;S
20240312;095932;160.79;10;9812955436;S
20240312;095932;160.79;10;9812955437;S
20240312;095932;160.79;10;9812955438;S
20240312;095932;160.79;10;9812955439;S
20240312;095932;160.79;10;9812955440;S
20240312;095932;160.79;10;9812955441;S
20240312;095932;160.79;10;9812955442;S
20240312;095932;160.79;1000;9812955443;S
20240312;095932;160.79;4260;9812955444;S
20240312;095932;160.79;10;9812955445;S
20240312;095932;160.79;40;9812955446;S
20240312;095932;160.79;250;9812955447;S
20240312;095932;160.79;150;9812955448;S
20240312;095932;160.79;180;9812955449;B
20240312;095932;160.79;10;9812955450;B
20240312;095932;160.79;10;9812955451;B
20240312;095932;160.79;90;9812955452;B
20240312;095932;160.79;200;9812955453;B
20240312;095932;160.79;10;9812955454;B
20240312;095932;160.79;10;9812955455;B
20240312;095932;160.79;80;9812955456;B
20240312;095932;160.79;10;9812955457;B
20240312;095932;160.79;10;9812955458;B
20240312;095932;160.79;10;9812955459;B
20240312;095932;160.79;70;9812955460;B
20240312;095932;160.79;10;9812955461;B
20240312;095932;160.79;10;9812955462;B
20240312;095932;160.79;10;9812955463;B
20240312;095932;160.79;10;9812955464;B
20240312;095932;160.79;90;9812955465;B
20240312;095932;160.79;10;9812955466;B
20240312;095932;160.79;10;9812955467;B
20240312;095932;160.79;10;9812955468;B
20240312;095932;160.79;10;9812955469;B
20240312;095932;160.79;20;9812955470;B
20240312;095932;160.79;30;9812955471;B
20240312;095932;160.79;660;9812955472;B
20240312;095932;160.79;230;9812955473;B
20240312;095932;160.79;50;9812955474;B
20240312;095932;160.79;20;9812955475;B
20240312;095932;160.79;10;9812955476;B
20240312;095932;160.79;140;9812955477;B
20240312;095932;160.79;20;9812955478;B
20240312;095932;160.79;30;9812955479;B
20240312;095932;160.79;10;9812955480;B
20240312;095932;160.79;20;9812955481;S
20240312;095932;160.79;20;9812955482;S
20240312;095932;160.79;10;9812955483;S
20240312;095932;160.79;10;9812955484;B
20240312;095932;160.79;50;9812955485;B
20240312;095932;160.79;50;9812955486;B
20240312;095932;160.79;10;9812955487;S
20240312;095932;160.79;500;9812955488;S
20240312;095932;160.79;50;9812955489;S
20240312;095932;160.79;10;9812955490;S
20240312;095932;160.79;10;9812955491;S
20240312;095932;160.79;10;9812955492;S
20240312;095932;160.79;10;9812955493;S
20240312;095932;160.79;10;9812955494;S
20240312;095932;160.79;20;9812955495;S
20240312;095932;160.79;40;9812955496;S
20240312;095932;160.79;20;9812955497;S
20240312;095932;160.79;10;9812955498;S
20240312;095932;160.79;10;9812955499;S
20240312;095932;160.79;10;9812955500;S
20240312;095932;160.79;10;9812955501;S
20240312;095932;160.79;1220;9812955502;B
20240312;095932;160.79;50;9812955503;B
20240312;095932;160.79;50;9812955504;B
20240312;095932;160.79;10;9812955505;B
20240312;095932;160.79;400;9812955506;B
20240312;095932;160.79;50;9812955507;B
20240312;095932;160.79;30;9812955508;B
20240312;095932;160.79;10;9812955509;B
20240312;095932;160.79;80;9812955510;B
20240312;095932;160.79;130;9812955511;B
20240312;095932;160.79;50;9812955512;B
20240312;095932;160.79;4920;9812955513;B
20240312;100000;160.62;200;9812962182;B
20240312;100000;160.62;100;9812962183;B
20240312;100000;160.62;1200;9812962184;B
20240312;100000;160.62;750;9812962219;B
20240312;100000;160.64;250;9812962220;B
20240312;100000;160.64;30;9812962221;B
20240312;100000;160.78;300;9812962222;B
20240312;100000;160.78;570;9812962315;S
20240312;100000;160.78;100;9812962364;S
20240312;100000;160.72;250;9812962425;S
20240312;100000;160.69;10;9812962512;S
20240312;100000;160.69;220;9812962523;S
20240312;100000;160.66;230;9812962524;S
20240312;100000;160.65;230;9812962525;S
20240312;100000;160.64;230;9812962526;S
20240312;100000;160.64;220;9812962527;S
20240312;100000;160.78;20;9812962575;B
20240312;100000;160.78;280;9812962603;B
20240312;100000;160.79;80;9812962604;B
20240312;100000;160.79;30;9812962605;B
20240312;100000;160.79;120;9812962606;B
20240312;100000;160.8;10;9812962623;B
20240312;100000;160.79;490;9812962649;S
20240312;100000;160.79;490;9812962650;S
20240312;100000;160.79;310;9812962651;S
20240312;100000;160.78;50;9812962682;S
20240312;100000;160.78;150;9812962683;S
20240312;100000;160.78;300;9812962684;S
20240312;100000;160.78;220;9812962685;S
20240312;100000;160.78;880;9812962707;S
20240312;100000;160.78;100;9812962708;S
20240312;100000;160.78;100;9812962709;S
20240312;100000;160.78;300;9812962710;S
20240312;100000;160.78;100;9812962711;S
20240312;100000;160.73;300;9812962749;S
20240312;100000;160.72;230;9812962750;S
20240312;100000;160.71;230;9812962751;S
20240312;100000;160.71;140;9812962752;S
20240312;100000;160.7;230;9812962753;S
20240312;100000;160.69;230;9812962754;S
20240312;100000;160.68;230;9812962755;S
20240312;100000;160.67;1000;9812962756;S
20240312;100000;160.67;230;9812962757;S
20240312;100000;160.66;230;9812962758;S
20240312;100000;160.65;230;9812962759;S
20240312;100000;160.64;230;9812962760;S
20240312;100000;160.63;300;9812962761;S
20240312;100000;160.63;230;9812962762;S
20240312;100000;160.62;220;9812962763;B
20240312;100000;160.78;300;9812962848;B
20240312;100000;160.78;100;9812962879;S
20240312;100000;160.78;100;9812962880;S
20240312;100000;160.78;100;9812962881;S
20240312;100000;160.78;600;9812962884;S
20240312;100000;160.77;100;9812962885;S
20240312;100000;160.77;1000;9812962906;S
20240312;100000;160.77;300;9812962942;S
20240312;100000;160.71;10;9812962955;S
20240312;100000;160.78;100;9812962966;B
20240312;100000;160.71;180;9812962967;S
20240312;100000;160.71;230;9812962968;S
20240312;100000;160.71;1130;9812962969;S
20240312;100000;160.78;200;9812962973;B
20240312;100000;160.79;300;9812962974;B
20240312;100000;160.68;300;9812962978;S
20240312;100000;160.63;230;9812962979;S
20240312;100000;160.62;240;9812962980;S
20240312;100001;160.63;10;9812963638;S
20240312;100001;160.68;10;9812963699;B
20240312;100001;160.63;20;9812963893;S
20240312;100001;160.63;10;9812964027;S
20240312;100001;160.7;10;9812964273;B
20240312;100002;160.63;390;9812964720;S
20240312;100003;160.62;230;9812965795;S
20240312;100003;160.62;160;9812965796;S
20240312;100003;160.62;1290;9812966120;S
20240312;100004;160.63;1800;9812966453;B
20240312;100004;160.63;300;9812966454;B
20240312;100004;160.64;850;9812966455;B
20240312;100004;160.64;220;9812966456;B
20240312;100004;160.7;80;9812966457;B
20240312;100004;160.72;10;9812966458;B
20240312;100004;160.74;10;9812966459;B
20240312;100004;160.74;2110;9812966460;B
20240312;100004;160.74;770;9812966461;B
20240312;100005;160.62;20;9812966575;S
20240312;100005;160.63;10;9812966663;B
20240312;100005;160.62;170;9812966664;S
20240312;100005;160.63;20;9812966670;B
20240312;100005;160.63;10;9812966671;B
20240312;100005;160.63;10;9812966979;B
20240312;100005;160.62;10;9812966986;S
20240312;100005;160.63;10;9812966992;B
20240312;100005;160.63;10;9812966995;B
20240312;100005;160.63;10;9812967002;B
20240312;100005;160.63;10;9812967006;B
20240312;100005;160.63;10;9812967017;B
20240312;100005;160.64;10;9812967237;S
20240312;100005;160.64;220;9812967241;S
20240312;100005;160.73;10;9812967249;B
20240312;100005;160.73;10;9812967250;B
20240312;100005;160.75;10;9812967251;B
20240312;100005;160.74;10;9812967260;B
20240312;100005;160.74;10;9812967261;B
20240312;100005;160.74;10;9812967287;B
20240312;100005;160.74;60;9812967291;B
20240312;100005;160.64;10;9812967293;S
20240312;100005;160.74;10;9812967297;B
20240312;100005;160.64;10;9812967302;S
20240312;100005;160.74;20;9812967310;B
20240312;100005;160.74;10;9812967312;B
20240312;100005;160.64;40;9812967463;S
20240312;100005;160.74;10;9812967465;B
20240312;100005;160.74;10;9812967467;B
20240312;100005;160.74;10;9812967469;B
20240312;100005;160.64;10;9812967550;S
20240312;100005;160.74;10;9812967554;B
20240312;100005;160.74;10;9812967556;B
20240312;100005;160.74;10;9812967557;B
20240312;100005;160.64;10;9812967587;S
20240312;100005;160.72;10;9812967589;S
20240312;100005;160.74;10;9812967591;B
20240312;100005;160.74;10;9812967594;B
20240312;100005;160.74;30;9812967599;B
20240312;100005;160.64;10;9812967773;S
20240312;100005;160.74;60;9812967782;B
20240312;100005;160.75;40;9812967783;B
20240312;100005;160.74;10;9812967798;B
20240312;100005;160.74;10;9812967812;B
20240312;100005;160.74;10;9812967813;B
20240312;100005;160.64;140;9812967817;S
20240312;100005;160.74;250;9812967820;B
20240312;100005;160.74;10;9812967823;B
20240312;100005;160.64;30;9812968096;S
20240312;100006;160.64;10;9812968604;S
20240312;100006;160.74;10;9812968605;B
20240312;100006;160.74;10;9812968611;B
20240312;100006;160.64;10;9812968612;S
20240312;100006;160.73;10;9812968613;B
20240312;100006;160.73;10;9812968614;B
20240312;100006;160.73;10;9812968620;B
20240312;100006;160.73;10;9812968625;B
20240312;100006;160.73;10;9812968629;B
20240312;100006;160.73;30;9812968681;B
20240312;100006;160.64;10;9812968689;S
20240312;100006;160.73;10;9812968691;B
20240312;100006;160.73;60;9812968692;B
20240312;100006;160.73;10;9812968936;B
20240312;100006;160.64;10;9812968937;S
20240312;100006;160.72;30;9812968942;B
20240312;100006;160.72;10;9812968943;B
20240312;100006;160.72;10;9812968945;B
20240312;100006;160.72;10;9812968947;B
20240312;100006;160.64;10;9812969223;S
20240312;100006;160.72;20;9812969224;B
20240312;100006;160.72;10;9812969225;B
20240312;100006;160.73;10;9812969323;B
20240312;100006;160.73;10;9812969325;B
20240312;100006;160.64;30;9812969326;S
20240312;100006;160.64;170;9812969327;S
20240312;100006;160.73;10;9812969328;B
20240312;100006;160.73;10;9812969331;B
20240312;100006;160.73;10;9812969332;B
20240312;100007;160.72;300;9812969477;B
20240312;100007;160.73;50;9812969478;B
20240312;100007;160.72;20;9812969485;B
20240312;100007;160.72;100;9812969499;B
20240312;100007;160.72;10;9812969654;B
20240312;100007;160.72;20;9812969655;B
20240312;100007;160.72;30;9812969656;B
20240312;100007;160.72;10;9812969657;B
20240312;100007;160.76;10;9812969852;B
20240312;100007;160.76;20;9812969857;B
20240312;100007;160.76;100;9812969927;B
20240312;100007;160.76;10;9812969929;B
20240312;100007;160.76;10;9812969931;B
20240312;100007;160.76;10;9812969938;B
20240312;100007;160.76;10;9812969945;B
20240312;100007;160.76;30;9812969968;B
20240312;100007;160.64;60;9812969973;S
20240312;100007;160.76;10;9812970003;B
20240312;100007;160.64;110;9812970133;S
20240312;100008;160.64;110;9812970421;S
20240312;100008;160.75;10;9812970424;B
20240312;100008;160.75;10;9812970427;B
20240312;100008;160.64;10;9812970531;S
20240312;100008;160.75;10;9812970532;B
20240312;100008;160.75;10;9812970534;B
20240312;100008;160.75;10;9812970535;B
20240312;100008;160.75;10;9812970536;B
20240312;100008;160.75;50;9812970537;B
20240312;100008;160.75;10;9812970599;B
20240312;100008;160.64;10;9812970600;S
20240312;100008;160.75;50;9812970601;B
20240312;100008;160.75;10;9812970602;B
20240312;100008;160.64;100;9812970603;S
20240312;100008;160.71;90;9812970913;S
20240312;100008;160.73;10;9812971054;B
20240312;100008;160.73;10;9812971055;B
20240312;100009;160.71;10;9812971280;S
20240312;100009;160.7;100;9812971384;S
20240312;100009;160.67;210;9812971385;S
20240312;100009;160.67;100;9812971386;S
20240312;100009;160.67;10;9812971387;S
20240312;100009;160.72;10;9812971388;B
20240312;100010;160.64;230;9812971771;S
20240312;100010;160.64;300;9812971772;S
20240312;100010;160.63;660;9812971773;S
20240312;100010;160.64;10;9812971821;S
20240312;100010;160.72;90;9812971895;B
20240312;100010;160.73;180;9812971993;B
20240312;100010;160.73;310;9812972002;B
20240312;100010;160.73;10;9812972040;B
20240312;100010;160.64;220;9812972115;S
20240312;100010;160.64;300;9812972116;S
20240312;100011;160.74;80;9812972314;B
20240312;100011;160.74;10;9812972624;B
20240312;100011;160.74;10;9812972709;B
20240312;100011;160.64;20;9812972748;S
20240312;100013;160.64;200;9812973520;S
20240312;100013;160.72;190;9812973565;B
20240312;100013;160.74;300;9812973566;B
20240312;100013;160.76;200;9812973567;B
20240312;100013;160.75;30;9812973595;B
20240312;100016;160.74;130;9812974334;B
20240312;100017;160.68;10;9812974584;S
20240312;100018;160.68;10;9812974769;S
20240312;100018;160.68;10;9812974944;S
20240312;100019;160.68;10;9812974951;S
20240312;100020;160.71;10;9812975171;B
20240312;100020;160.73;10;9812975281;B
20240312;100022;160.71;500;9812975569;B
20240312;100022;160.68;20;9812975609;S
20240312;100023;160.68;240;9812975903;S
20240312;100023;160.68;170;9812975904;S
20240312;100023;160.67;140;9812975905;S
20240312;100024;160.72;30;9812976148;B
20240312;100024;160.68;10;9812976236;S
20240312;100026;160.68;120;9812976688;S
20240312;100026;160.68;90;9812976743;S
20240312;100026;160.71;10;9812976787;B
20240312;100027;160.69;10;9812976886;S
20240312;100028;160.69;290;9812977288;S
20240312;100028;160.69;1000;9812977289;S
20240312;100028;160.69;160;9812977290;S
20240312;100028;160.68;1000;9812977291;B
20240312;100028;160.67;30;9812977292;S
20240312;100028;160.68;500;9812977299;B
20240312;100029;160.67;510;9812977340;S
20240312;100029;160.68;50;9812977411;B
20240312;100029;160.67;240;9812977512;S
20240312;100030;160.68;10;9812977778;B
20240312;100030;160.68;10;9812977809;B
20240312;100031;160.68;10;9812977940;B
20240312;100033;160.67;1500;9812979126;S
20240312;100034;160.67;10;9812979379;B
20240312;100036;160.67;10;9812980007;B
20240312;100037;160.66;20;9812980305;S
20240312;100037;160.66;10;9812980430;S
20240312;100038;160.67;550;9812980627;B
20240312;100039;160.67;10;9812980909;B
20240312;100040;160.66;130;9812980980;S
20240312;100040;160.66;500;9812980981;S
20240312;100040;160.64;90;9812980982;S
20240312;100040;160.64;1000;9812980983;S
20240312;100040;160.62;1000;9812980984;S
20240312;100040;160.62;760;9812980985;S
20240312;100040;160.65;100;9812981018;B
20240312;100040;160.65;100;9812981176;B
20240312;100041;160.61;30;9812981226;S
20240312;100041;160.65;1770;9812981353;B
20240312;100041;160.65;230;9812981354;B
20240312;100043;160.61;20;9812981788;S
20240312;100045;160.65;120;9812982086;B
20240312;100045;160.61;150;9812982146;S
20240312;100045;160.65;200;9812982190;B
20240312;100046;160.65;150;9812982380;B
20240312;100048;160.65;10;9812982636;B
20240312;100048;160.62;10;9812982672;S
20240312;100048;160.62;40;9812982679;S
20240312;100049;160.62;20;9812982932;S
20240312;100051;160.62;30;9812983275;S
20240312;100051;160.61;50;9812983406;S
20240312;100051;160.65;50;9812983414;B
20240312;100052;160.61;10;9812983522;S
20240312;100055;160.66;100;9812984092;B
20240312;100055;160.67;60;9812984093;B
20240312;100057;160.61;1240;9812984743;S
20240312;100057;160.61;1000;9812984744;S
20240312;100057;160.61;300;9812984745;S
20240312;100057;160.61;2460;9812984746;S
20240312;100059;160.6;10;9812985302;S
20240312;100100;160.6;50;9812985458;S
20240312;100100;160.65;130;9812985468;B
20240312;100102;160.6;250;9812986097;S
20240312;100102;160.6;3000;9812986098;S
20240312;100102;160.6;20;9812986099;S
20240312;100102;160.6;300;9812986100;S
20240312;100102;160.6;60;9812986101;S
20240312;100105;160.58;300;9812986509;S
20240312;100105;160.57;10;9812986510;S
20240312;100105;160.57;460;9812986511;S
20240312;100105;160.59;10;9812986523;B
20240312;100106;160.58;90;9812986667;S
20240312;100110;160.58;210;9812987477;S
20240312;100110;160.58;10;9812987478;S
20240312;100110;160.57;1540;9812987479;S
20240312;100110;160.57;310;9812987480;S
20240312;100110;160.57;500;9812987481;S
20240312;100110;160.56;10;9812987482;S
20240312;100110;160.56;420;9812987483;S
20240312;100111;160.6;10;9812987608;B
20240312;100111;160.59;30;9812987616;S
20240312;100111;160.56;370;9812987617;S
20240312;100111;160.57;10;9812987654;S
20240312;100112;160.57;100;9812987716;S
20240312;100114;160.57;300;9812988023;S
20240312;100114;160.56;70;9812988120;S
20240312;100114;160.57;10;9812988140;B
20240312;100115;160.57;10;9812988295;B
20240312;100116;160.57;30;9812988637;B
20240312;100116;160.6;20;9812988664;B
20240312;100116;160.6;1340;9812988665;B
20240312;100116;160.6;10;9812988666;B
20240312;100119;160.6;700;9812989816;S
20240312;100119;160.6;30;9812989960;S
20240312;100119;160.6;70;9812989961;S
20240312;100120;160.6;1000;9812990061;S
20240312;100122;160.6;50;9812990684;S
20240312;100124;160.6;30;9812990984;S
20240312;100125;160.6;250;9812990998;S
20240312;100126;160.58;1000;9812991310;S
20240312;100126;160.58;280;9812991311;S
20240312;100127;160.59;350;9812991563;S
20240312;100129;160.58;350;9812991904;S
20240312;100129;160.6;440;9812992022;B
20240312;100130;160.59;10;9812992256;B
20240312;100130;160.6;10;9812992257;B
20240312;100130;160.6;20;9812992268;B
20240312;100132;160.6;200;9812992527;B
20240312;100135;160.59;140;9812993227;B
20240312;100135;160.59;10;9812993232;B
20240312;100136;160.58;260;9812993302;S
20240312;100137;160.59;100;9812993458;B
20240312;100138;160.59;10;9812993644;B
20240312;100140;160.59;50;9812994038;B
20240312;100140;160.6;10;9812994039;B
20240312;100148;160.59;10;9812995450;S
20240312;100149;160.59;50;9812995600;S
20240312;100149;160.59;3950;9812995601;S
20240312;100150;160.59;4970;9812995604;S
20240312;100151;160.6;200;9812995949;B
20240312;100152;160.58;100;9812996075;S
20240312;100153;160.6;100;9812996194;B
20240312;100153;160.59;10;9812996238;S
20240312;100153;160.58;10;9812996239;S
20240312;100153;160.58;240;9812996240;S
20240312;100200;160.6;2500;9812997663;B
20240312;100200;160.6;330;9812997664;B
20240312;100200;160.6;70;9812997665;B
20240312;100200;160.6;100;9812997666;B
20240312;100201;160.62;100;9812997682;B
20240312;100201;160.62;590;9812997683;B
20240312;100201;160.64;1000;9812997684;B
20240312;100207;160.68;170;9812998889;B
20240312;100207;160.69;780;9812998890;B
20240312;100207;160.7;7050;9812998891;B
20240312;100207;160.69;3740;9812998892;B
20240312;100207;160.7;4260;9812998893;B
20240312;100207;160.68;10;9812999044;S
20240312;100208;160.68;1860;9812999117;S
20240312;100208;160.67;8000;9812999118;S
20240312;100208;160.66;300;9812999119;S
20240312;100208;160.65;460;9812999120;S
20240312;100208;160.63;300;9812999121;S
20240312;100208;160.63;2500;9812999122;S
20240312;100208;160.62;1000;9812999123;S
20240312;100208;160.61;1000;9812999124;S
20240312;100208;160.61;3740;9812999125;S
20240312;100208;160.61;800;9812999126;S
20240312;100208;160.6;1000;9812999127;S
20240312;100208;160.6;100;9812999128;S
20240312;100208;160.6;230;9812999129;S
20240312;100208;160.6;2170;9812999130;S
20240312;100208;160.6;1300;9812999131;S
20240312;100209;160.62;220;9812999439;S
20240312;100211;160.67;100;9812999755;B
20240312;100212;160.66;50;9812999785;S
20240312;100215;160.68;10;9813000185;B
20240312;100215;160.67;140;9813000211;S
20240312;100216;160.68;290;9813000388;B
20240312;100217;160.67;10;9813000652;S
20240312;100218;160.69;10;9813000742;B
20240312;100218;160.69;10;9813000760;B
20240312;100220;160.69;210;9813001059;B
20240312;100221;160.69;70;9813001137;B
20240312;100221;160.69;10;9813001263;B
20240312;100222;160.67;10;9813001399;S
20240312;100223;160.69;10;9813001544;B
20240312;100226;160.67;10;9813001912;S
20240312;100227;160.69;60;9813002114;B
20240312;100236;160.69;60;9813003818;B
20240312;100236;160.68;10;9813003851;S
20240312;100236;160.66;450;9813003947;S
20240312;100236;160.66;500;9813003948;S
20240312;100236;160.66;110;9813003949;S
20240312;100236;160.64;30;9813003950;S
20240312;100236;160.64;140;9813003951;S
20240312;100236;160.64;300;9813003952;S
20240312;100236;160.63;500;9813003953;S
20240312;100236;160.63;1170;9813003954;S
20240312;100245;160.64;10;9813005440;S
20240312;100246;160.67;10;9813005646;B
20240312;100247;160.64;60;9813005888;S
20240312;100247;160.63;100;9813005889;S
20240312;100247;160.62;30;9813005890;S
20240312;100247;160.62;510;9813005891;S
20240312;100247;160.67;20;9813005892;B
20240312;100249;160.67;10;9813006140;B
20240312;100249;160.67;10;9813006175;B
20240312;100251;160.67;10;9813006342;B
20240312;100252;160.67;100;9813006614;B
20240312;100253;160.66;1250;9813006655;S
20240312;100300;160.67;260;9813008439;S
20240312;100301;160.68;10;9813008698;B
20240312;100301;160.68;10;9813008699;B
20240312;100301;160.68;30;9813008700;B
20240312;100301;160.69;260;9813008701;B
20240312;100301;160.69;100;9813008702;B
20240312;100301;160.69;1000;9813008703;B
20240312;100301;160.69;30;9813008704;B
20240312;100301;160.69;300;9813008705;B
20240312;100301;160.7;260;9813008706;B
20240312;100303;160.68;500;9813008845;S
20240312;100303;160.68;500;9813008846;S
20240312;100303;160.68;40;9813008886;S
20240312;100305;160.7;20;9813009158;B
20240312;100307;160.7;10;9813009336;B
20240312;100308;160.69;100;9813009516;S
20240312;100308;160.69;470;9813009563;S
20240312;100309;160.7;10;9813009725;B
20240312;100310;160.7;10;9813009883;B
20240312;100311;160.7;50;9813010137;B
20240312;100314;160.7;10;9813010984;B
20240312;100315;160.69;170;9813011353;S
20240312;100315;160.69;620;9813011354;S
20240312;100315;160.69;1380;9813011355;S
20240312;100315;160.7;10;9813011413;B
20240312;100315;160.69;160;9813011414;S
20240312;100316;160.69;10;9813011731;S
20240312;100317;160.7;10;9813012031;B
20240312;100321;160.7;10;9813012549;B
20240312;100325;160.69;300;9813013372;S
20240312;100325;160.69;1730;9813013459;S
20240312;100326;160.69;750;9813013520;S
20240312;100326;160.69;430;9813013521;S
20240312;100326;160.68;650;9813013522;S
20240312;100326;160.67;10;9813013523;S
20240312;100326;160.67;2500;9813013524;S
20240312;100326;160.66;40;9813013525;S
20240312;100326;160.66;190;9813013526;S
20240312;100326;160.65;1430;9813013527;S
20240312;100327;160.69;40;9813013740;B
20240312;100327;160.7;140;9813013741;B
20240312;100329;160.68;190;9813013940;B
20240312;100329;160.7;300;9813013941;B
20240312;100329;160.7;510;9813013942;B
20240312;100330;160.68;20;9813014105;S
20240312;100330;160.68;200;9813014106;S
20240312;100330;160.67;780;9813014107;S
20240312;100332;160.67;1110;9813014434;S
20240312;100332;160.67;610;9813014489;S
20240312;100332;160.67;300;9813014491;B
20240312;100332;160.67;500;9813014493;S
20240312;100333;160.67;1100;9813014777;S
20240312;100333;160.67;600;9813014779;S
20240312;100333;160.67;1100;9813014781;B
20240312;100333;160.67;300;9813014782;S
20240312;100333;160.67;1100;9813014809;S
20240312;100333;160.66;10;9813014810;S
20240312;100333;160.67;300;9813014823;B
20240312;100333;160.67;1110;9813014868;S
20240312;100333;160.67;1090;9813014911;S
20240312;100333;160.67;2500;9813014937;S
20240312;100333;160.66;10;9813015010;B
20240312;100335;160.65;10;9813015510;S
20240312;100336;160.65;30;9813015717;S
20240312;100338;160.66;10;9813015966;B
20240312;100340;160.66;20;9813016437;B
20240312;100340;160.66;30;9813016468;B
20240312;100343;160.66;10;9813017018;B
20240312;100344;160.66;20;9813017122;B
20240312;100345;160.66;50;9813017340;B
20240312;100345;160.66;100;9813017358;B
20240312;100351;160.65;100;9813018470;S
20240312;100352;160.66;20;9813018572;B
20240312;100354;160.65;1050;9813018872;S
20240312;100354;160.65;250;9813018876;S
20240312;100354;160.64;370;9813018887;S
20240312;100356;160.64;1320;9813019199;S
20240312;100357;160.65;10;9813019297;B
20240312;100358;160.65;300;9813019377;B
20240312;100358;160.65;500;9813019378;B
20240312;100358;160.65;50;9813019379;B
20240312;100358;160.65;1000;9813019380;B
20240312;100358;160.64;10;9813019421;S
20240312;100359;160.65;10;9813019509;B
20240312;100403;160.65;10;9813020141;B
20240312;100403;160.65;10;9813020217;B
20240312;100407;160.65;60;9813020759;B
20240312;100410;160.64;300;9813021234;S
20240312;100410;160.63;60;9813021235;S
20240312;100410;160.62;10;9813021236;S
20240312;100410;160.61;630;9813021237;S
20240312;100410;160.6;20;9813021344;S
20240312;100410;160.6;10;9813021345;S
20240312;100410;160.6;10;9813021346;S
20240312;100410;160.6;50;9813021347;S
20240312;100410;160.6;10;9813021348;S
20240312;100410;160.6;20;9813021349;S
20240312;100410;160.6;10;9813021350;S
20240312;100411;160.6;30;9813021586;B
20240312;100414;160.59;100;9813021980;S
20240312;100414;160.59;10;9813021981;S
20240312;100414;160.59;300;9813021982;S
20240312;100414;160.58;230;9813021983;S
20240312;100414;160.58;4000;9813021984;S
20240312;100414;160.58;2400;9813021985;S
20240312;100414;160.58;2500;9813021986;S
20240312;100414;160.58;460;9813021987;S
20240312;100415;160.6;10;9813022057;B
20240312;100417;160.6;10;9813022265;B
20240312;100419;160.6;10;9813022646;B
20240312;100422;160.6;10;9813023090;B
20240312;100425;160.6;20;9813023374;B
20240312;100426;160.6;30;9813023632;B
20240312;100427;160.6;10;9813023714;B
20240312;100427;160.59;10;9813023793;S
20240312;100429;160.6;10;9813024018;B
20240312;100430;160.6;40;9813024084;B
20240312;100430;160.6;40;9813024088;B
20240312;100430;160.6;50;9813024119;B
20240312;100433;160.6;10;9813024539;B
20240312;100439;160.6;50;9813025627;B
20240312;100439;160.6;50;9813025630;B
20240312;100439;160.6;390;9813025778;B
20240312;100439;160.6;100;9813025793;B
20240312;100439;160.6;50;9813025794;B
20240312;100439;160.6;10;9813025795;B
20240312;100439;160.6;210;9813025796;B
20240312;100439;160.6;3150;9813025797;B
20240312;100439;160.6;620;9813025798;B
20240312;100439;160.61;10;9813025800;S
20240312;100440;160.64;10;9813025845;B
20240312;100442;160.61;290;9813026594;S
20240312;100442;160.61;110;9813026595;S
20240312;100443;160.61;950;9813026740;S
20240312;100447;160.61;200;9813027296;S
20240312;100448;160.61;90;9813027515;S
20240312;100449;160.64;20;9813027641;B
20240312;100449;160.64;100;9813027687;B
20240312;100453;160.63;10;9813028326;B
20240312;100453;160.63;90;9813028327;B
20240312;100455;160.62;10;9813028631;S
20240312;100455;160.62;30;9813028632;S
20240312;100456;160.63;60;9813028743;B
20240312;100456;160.62;500;9813028779;S
20240312;100457;160.62;220;9813028952;S
20240312;100457;160.61;200;9813028953;S
20240312;100457;160.61;10;9813028954;S
20240312;100457;160.61;60;9813028955;S
20240312;100457;160.6;10;9813028956;S
20240312;100457;160.6;60;9813028957;S
20240312;100457;160.6;50;9813028958;S
20240312;100457;160.59;690;9813028959;S
20240312;100457;160.59;200;9813028960;S
20240312;100457;160.59;800;9813029045;S
20240312;100457;160.59;10;9813029046;S
20240312;100457;160.59;310;9813029047;S
20240312;100457;160.58;2500;9813029048;S
20240312;100457;160.57;20;9813029049;S
20240312;100457;160.57;20;9813029050;S
20240312;100457;160.57;100;9813029051;S
20240312;100457;160.57;920;9813029052;S
20240312;100503;160.62;100;9813029947;B
20240312;100505;160.61;20;9813030274;B
20240312;100505;160.61;10;9813030280;B
20240312;100505;160.62;20;9813030281;B
20240312;100508;160.6;10;9813030571;S
20240312;100508;160.59;310;9813030572;S
20240312;100509;160.59;10;9813030725;S
20240312;100509;160.59;240;9813030754;S
20240312;100509;160.61;10;9813030768;B
20240312;100511;160.6;150;9813030980;S
20240312;100511;160.6;1100;9813030981;S
20240312;100511;160.6;10;9813030982;S
20240312;100511;160.59;710;9813030983;S
20240312;100511;160.59;30;9813030984;S
20240312;100512;160.62;120;9813031166;B
20240312;100513;160.62;10;9813031304;B
20240312;100513;160.62;90;9813031305;B
20240312;100514;160.62;100;9813031650;B
20240312;100516;160.62;10;9813032014;B
20240312;100518;160.59;100;9813032224;S
20240312;100518;160.59;100;9813032241;S
20240312;100519;160.59;100;9813032252;S
20240312;100519;160.59;100;9813032257;S
20240312;100519;160.6;60;9813032271;S
20240312;100521;160.59;900;9813032680;S
20240312;100521;160.59;100;9813032681;S
20240312;100521;160.59;170;9813032682;S
20240312;100522;160.6;70;9813032969;B
20240312;100523;160.6;30;9813033491;B
20240312;100523;160.62;70;9813033492;B
20240312;100525;160.62;40;9813033932;B
20240312;100526;160.59;310;9813034284;S
20240312;100529;160.59;690;9813034740;S
20240312;100529;160.59;50;9813034741;S
20240312;100529;160.58;260;9813034742;S
20240312;100533;160.59;20;9813035206;B
20240312;100533;160.6;80;9813035207;B
20240312;100535;160.6;30;9813035527;B
20240312;100535;160.58;50;9813035600;S
20240312;100536;160.6;50;9813035888;B
20240312;100536;160.6;60;9813035889;B
20240312;100536;160.6;200;9813035890;B
20240312;100536;160.6;50;9813035921;S
20240312;100537;160.6;30;9813036037;S
20240312;100539;160.61;10;9813036446;B
20240312;100540;160.6;10;9813036658;S
20240312;100542;160.6;100;9813037039;S
20240312;100542;160.6;60;9813037062;S
20240312;100543;160.6;2440;9813037168;S
20240312;100543;160.6;1500;9813037169;S
20240312;100543;160.59;690;9813037170;S
20240312;100543;160.58;870;9813037171;S
20240312;100544;160.61;100;9813037293;B
20240312;100549;160.61;10;9813038329;B
20240312;100552;160.6;100;9813038786;S
20240312;100553;160.61;100;9813038907;B
20240312;100553;160.61;30;9813039053;B
20240312;100554;160.61;720;9813039148;B
20240312;100554;160.62;10;9813039149;B
20240312;100554;160.62;10;9813039150;B
20240312;100554;160.62;260;9813039151;B
20240312;100554;160.63;10;9813039290;B
20240312;100554;160.64;90;9813039291;B
20240312;100556;160.61;10;9813039579;S
20240312;100556;160.61;500;9813039580;S
20240312;100556;160.6;2490;9813039581;S
20240312;100557;160.62;100;9813039812;S
20240312;100600;160.62;10;9813040348;S
20240312;100603;160.64;100;9813040803;B
20240312;100603;160.62;10;9813040872;S
20240312;100605;160.62;270;9813041246;S
20240312;100607;160.64;10;9813041630;B
20240312;100609;160.63;1000;9813041906;S
20240312;100609;160.63;110;9813041907;S
20240312;100610;160.64;10;9813042077;B
20240312;100612;160.63;390;9813042744;S
20240312;100612;160.63;10;9813042745;S
20240312;100612;160.62;100;9813042746;S
20240312;100614;160.64;40;9813043159;B
20240312;100616;160.64;10;9813043720;B
20240312;100616;160.64;10;9813043736;B
20240312;100618;160.64;80;9813044056;B
20240312;100619;160.64;190;9813044512;B
20240312;100621;160.64;10;9813045041;B
20240312;100621;160.64;10;9813045050;B
20240312;100622;160.63;10;9813045341;S
20240312;100622;160.63;310;9813045342;S
20240312;100623;160.63;40;9813045664;S
20240312;100623;160.63;100;9813045875;S
20240312;100624;160.63;20;9813046235;S
20240312;100624;160.64;10;9813046237;B
20240312;100624;160.64;20;9813046280;B
20240312;100624;160.64;10;9813046281;B
20240312;100624;160.64;30;9813046303;B
20240312;100625;160.63;20;9813046586;S
20240312;100626;160.64;10;9813046889;B
20240312;100626;160.64;10;9813046899;B
20240312;100629;160.64;10;9813048004;B
20240312;100630;160.64;50;9813048241;B
20240312;100631;160.63;250;9813048551;S
20240312;100631;160.64;950;9813048573;B
20240312;100632;160.64;20;9813048852;B
20240312;100632;160.64;1200;9813048981;B
20240312;100632;160.64;1000;9813048982;B
20240312;100632;160.64;180;9813048983;B
20240312;100634;160.65;10;9813049475;B
20240312;100634;160.65;10;9813049509;B
20240312;100635;160.64;30;9813049593;S
20240312;100636;160.65;80;9813049920;B
20240312;100636;160.65;30;9813049935;B
20240312;100636;160.65;50;9813049936;B
20240312;100637;160.65;10;9813050002;B
20240312;100638;160.64;10;9813050283;S
20240312;100638;160.64;30;9813050312;S
20240312;100639;160.64;3000;9813050411;S
20240312;100639;160.65;4000;9813050523;B
20240312;100639;160.65;300;9813050524;B
20240312;100639;160.65;10;9813050525;B
20240312;100639;160.65;1010;9813050558;S
20240312;100639;160.65;490;9813050559;S
20240312;100641;160.66;30;9813050838;B
20240312;100641;160.66;70;9813050839;B
20240312;100647;160.66;50;9813052395;B
20240312;100648;160.65;510;9813052544;S
20240312;100648;160.65;270;9813052545;S
20240312;100651;160.65;530;9813053137;S
20240312;100651;160.65;10;9813053138;S
20240312;100651;160.65;10;9813053139;S
20240312;100651;160.65;10;9813053140;S
20240312;100651;160.65;10;9813053141;S
20240312;100651;160.65;10;9813053142;S
20240312;100651;160.65;1020;9813053143;S
20240312;100653;160.65;290;9813053506;S
20240312;100653;160.66;70;9813053511;B
20240312;100653;160.65;1500;9813053590;S
20240312;100655;160.66;10;9813054079;B
20240312;100656;160.66;100;9813054187;B
20240312;100657;160.66;10;9813054287;B
20240312;100701;160.66;7110;9813055236;B
20240312;100701;160.66;2580;9813055260;B
20240312;100701;160.66;30;9813055261;B
20240312;100701;160.66;2170;9813055262;B
20240312;100701;160.67;60;9813055277;B
20240312;100701;160.67;40;9813055278;B
20240312;100701;160.69;100;9813055299;B
20240312;100702;160.69;100;9813055365;B
20240312;100702;160.69;100;9813055386;B
20240312;100702;160.69;80;9813055395;B
20240312;100703;160.68;10;9813055701;S
20240312;100704;160.69;490;9813055915;B
20240312;100705;160.69;130;9813056108;B
20240312;100705;160.69;10;9813056234;S
20240312;100706;160.7;100;9813056328;B
20240312;100711;160.7;30;9813058425;B
20240312;100711;160.7;30;9813058490;B
20240312;100711;160.69;380;9813058625;S
20240312;100711;160.69;450;9813058701;S
20240312;100714;160.69;1660;9813059680;S
20240312;100714;160.69;140;9813059681;S
20240312;100715;160.7;50;9813060161;B
20240312;100715;160.7;180;9813060181;B
20240312;100716;160.69;100;9813060472;S
20240312;100716;160.69;100;9813060484;S
20240312;100716;160.7;100;9813060497;B
20240312;100716;160.69;100;9813060519;S
20240312;100716;160.69;700;9813060520;S
20240312;100716;160.69;900;9813060525;S
20240312;100719;160.69;500;9813061136;S
20240312;100721;160.69;170;9813061579;S
20240312;100725;160.69;1300;9813062758;S
20240312;100725;160.69;1000;9813062930;S
20240312;100726;160.69;60;9813063045;S
20240312;100726;160.69;30;9813063084;S
20240312;100729;160.69;80;9813063885;S
20240312;100729;160.67;300;9813063889;B
20240312;100729;160.67;1000;9813063890;B
20240312;100729;160.67;800;9813063891;B
20240312;100732;160.67;10;9813064551;B
20240312;100734;160.67;790;9813064939;B
20240312;100734;160.67;1000;9813064940;B
20240312;100736;160.67;80;9813065487;B
20240312;100737;160.66;100;9813065638;S
20240312;100739;160.66;100;9813066084;S
20240312;100742;160.67;460;9813066899;B
20240312;100744;160.67;50;9813067191;B
20240312;100750;160.66;50;9813068646;S
20240312;100753;160.66;500;9813069739;S
20240312;100753;160.66;20;9813069745;S
20240312;100753;160.67;20;9813070214;B
20240312;100754;160.66;1000;9813070793;S
20240312;100756;160.66;40;9813072004;S
20240312;100800;160.66;30;9813072594;S
20240312;100802;160.66;70;9813073382;S
20240312;100804;160.67;10;9813073819;B
20240312;100807;160.67;10;9813075570;B
20240312;100808;160.67;40;9813075715;B
20240312;100809;160.67;40;9813076115;B
20240312;100811;160.66;10;9813076451;S
20240312;100811;160.67;90;9813076552;B
20240312;100811;160.67;910;9813076553;B
20240312;100812;160.67;90;9813076653;B
20240312;100812;160.67;130;9813076654;B
20240312;100813;160.67;10;9813076831;B
20240312;100815;160.67;130;9813077507;B
20240312;100815;160.67;30;9813077562;B
20240312;100815;160.67;390;9813077563;B
20240312;100816;160.66;1930;9813077840;S
20240312;100816;160.67;10;9813077889;B
20240312;100816;160.66;160;9813077901;S
20240312;100816;160.67;10;9813077930;B
20240312;100817;160.67;790;9813078196;B
20240312;100819;160.67;60;9813078875;B
20240312;100822;160.66;1000;9813079592;S
20240312;100822;160.67;200;9813079645;B
20240312;100822;160.67;340;9813079646;B
20240312;100825;160.66;300;9813080321;S
20240312;100826;160.66;1000;9813080483;S
20240312;100826;160.66;10;9813080514;S
20240312;100827;160.67;800;9813080595;B
20240312;100827;160.68;20;9813080639;B
20240312;100827;160.68;1640;9813080640;B
20240312;100827;160.69;610;9813080685;B
20240312;100827;160.69;20;9813080686;B
20240312;100827;160.69;10;9813080687;B
20240312;100827;160.69;10;9813080688;B
20240312;100827;160.69;930;9813080689;B
20240312;100827;160.69;1150;9813080728;B
20240312;100827;160.69;360;9813080729;B
20240312;100828;160.7;10;9813080936;B
20240312;100828;160.7;600;9813080937;B
20240312;100828;160.7;1000;9813080938;B
20240312;100828;160.7;30;9813080939;B
20240312;100828;160.7;170;9813081040;B
20240312;100828;160.7;1390;9813081041;B
20240312;100832;160.67;10000;9813081941;S
20240312;100832;160.67;10;9813081987;S
20240312;100835;160.67;100;9813082973;S
20240312;100835;160.67;220;9813083188;S
20240312;100837;160.67;200;9813083580;S
20240312;100838;160.68;10;9813083851;B
20240312;100839;160.68;990;9813084073;B
20240312;100839;160.68;240;9813084074;B
20240312;100841;160.68;10;9813084320;B
20240312;100843;160.67;3100;9813084715;S
20240312;100843;160.68;70;9813084763;B
20240312;100843;160.67;200;9813084879;S
20240312;100845;160.68;140;9813085246;B
20240312;100845;160.68;90;9813085257;B
20240312;100846;160.68;10;9813085452;B
20240312;100848;160.67;5370;9813085932;S
20240312;100848;160.67;1490;9813085933;S
20240312;100848;160.67;2020;9813085934;S
20240312;100848;160.67;10;9813086013;S
20240312;100848;160.68;100;9813086059;B
20240312;100849;160.68;500;9813086080;B
20240312;100849;160.67;1700;9813086216;S
20240312;100850;160.68;110;9813086584;B
20240312;100851;160.67;10;9813086700;S
20240312;100852;160.67;260;9813087001;S
20240312;100852;160.67;740;9813087002;S
20240312;100853;160.67;10;9813087050;B
20240312;100854;160.67;70;9813087426;S
20240312;100855;160.68;10;9813087592;B
20240312;100856;160.68;10;9813087709;B
20240312;100857;160.68;30;9813087856;B
20240312;100857;160.68;40;9813087857;B
20240312;100858;160.68;10;9813088221;B
20240312;100900;160.67;1390;9813088562;S
20240312;100900;160.67;700;9813088563;S
20240312;100900;160.66;7910;9813088564;S
20240312;100905;160.67;10;9813089252;B
20240312;100906;160.67;30;9813089556;B
20240312;100907;160.67;20;9813089654;B
20240312;100908;160.67;100;9813089747;B
20240312;100908;160.67;100;9813089821;B
20240312;100910;160.66;5870;9813090167;S
20240312;100910;160.66;40;9813090168;S
20240312;100910;160.66;10;9813090169;S
20240312;100910;160.66;720;9813090170;S
20240312;100910;160.66;10;9813090171;S
20240312;100910;160.66;500;9813090172;S
20240312;100910;160.66;2500;9813090173;S
20240312;100910;160.66;1000;9813090174;S
20240312;100910;160.65;300;9813090175;S
20240312;100910;160.64;14550;9813090176;S
20240312;100910;160.64;100;9813090177;S
20240312;100910;160.64;10;9813090178;S
20240312;100910;160.64;10;9813090179;S
20240312;100910;160.64;10;9813090180;S
20240312;100910;160.64;2490;9813090181;S
20240312;100910;160.64;1880;9813090182;S
20240312;100910;160.66;1000;9813090183;B
20240312;100910;160.66;740;9813090184;B
20240312;100911;160.66;100;9813090439;S
20240312;100912;160.67;30;9813090602;B
20240312;100914;160.66;660;9813090812;S
20240312;100914;160.66;3840;9813090813;S
20240312;100914;160.67;10;9813090839;B
20240312;100914;160.67;750;9813090845;B
20240312;100915;160.68;50;9813091132;B
20240312;100916;160.68;10;9813091232;B
20240312;100917;160.67;300;9813091369;S
20240312;100917;160.67;1000;9813091370;S
20240312;100917;160.66;1700;9813091371;S
20240312;100918;160.67;60;9813091680;S
20240312;100919;160.67;10;9813091768;B
20240312;100919;160.67;120;9813091769;B
20240312;100925;160.68;10;9813092840;B
20240312;100928;160.68;10;9813093271;B
20240312;100930;160.68;40;9813093525;B
20240312;100931;160.68;330;9813093821;B
20240312;100931;160.68;50;9813093822;B
20240312;100932;160.68;10;9813093902;B
20240312;100932;160.68;10;9813094045;B
20240312;100934;160.67;310;9813094217;S
20240312;100934;160.67;250;9813094218;S
20240312;100934;160.67;1000;9813094219;S
20240312;100934;160.66;4150;9813094220;S
20240312;100934;160.68;730;9813094257;B
20240312;100934;160.69;50;9813094258;B
20240312;100934;160.69;50;9813094259;B
20240312;100934;160.69;10;9813094260;B
20240312;100934;160.69;730;9813094261;B
20240312;100934;160.69;680;9813094314;B
20240312;100934;160.69;30;9813094335;S
20240312;100937;160.7;10;9813094757;B
20240312;100937;160.7;10;9813094815;B
20240312;100937;160.7;10;9813094818;B
20240312;100938;160.7;10;9813094898;B
20240312;100938;160.7;10;9813095079;B
20240312;100938;160.69;290;9813095156;S
20240312;100941;160.69;500;9813095840;S
20240312;100941;160.7;270;9813095864;B
20240312;100942;160.69;180;9813095982;S
20240312;100942;160.69;1320;9813095983;S
20240312;100942;160.7;10;9813096016;B
20240312;100943;160.7;100;9813096102;B
20240312;100943;160.7;100;9813096233;B
20240312;100944;160.69;30;9813096355;S
20240312;100949;160.7;30;9813097109;B
20240312;100953;160.69;40;9813097558;S
20240312;100955;160.7;60;9813097854;B
20240312;100957;160.7;500;9813098086;B
20240312;100958;160.7;17490;9813098329;B
20240312;100958;160.7;60;9813098330;B
20240312;100958;160.7;20;9813098331;B
20240312;100958;160.7;400;9813098332;B
20240312;100958;160.7;10;9813098333;B
20240312;100958;160.7;150;9813098334;B
20240312;100958;160.71;20;9813098335;B
20240312;100958;160.72;20;9813098394;B
20240312;100958;160.73;20;9813098395;B
20240312;100958;160.74;20;9813098396;B
20240312;100958;160.74;20;9813098397;B
20240312;100958;160.74;70;9813098398;B
20240312;100959;160.74;20;9813098716;B
20240312;101000;160.72;1000;9813099027;S
20240312;101000;160.72;810;9813099028;S
20240312;101000;160.72;10;9813099029;S
20240312;101000;160.72;2730;9813099030;S
20240312;101000;160.72;300;9813099031;S
20240312;101000;160.7;1870;9813099032;S
20240312;101000;160.69;460;9813099033;S
20240312;101000;160.69;10;9813099034;S
20240312;101000;160.69;2500;9813099035;S
20240312;101000;160.68;300;9813099036;S
20240312;101000;160.68;10;9813099037;S
20240312;101003;160.7;10;9813099486;S
20240312;101005;160.72;10;9813099751;B
20240312;101006;160.72;230;9813100035;B
20240312;101011;160.71;10;9813100793;S
20240312;101013;160.71;100;9813100951;S
20240312;101013;160.71;100;9813100954;S
20240312;101013;160.72;60;9813100979;B
20240312;101013;160.72;560;9813100980;B
20240312;101014;160.73;10;9813101304;B
20240312;101015;160.73;20;9813101589;B
20240312;101015;160.73;790;9813101590;B
20240312;101015;160.74;840;9813101591;B
20240312;101015;160.74;1570;9813101704;B
20240312;101016;160.74;1500;9813101803;B
20240312;101018;160.74;7110;9813102373;B
20240312;101018;160.74;7110;9813102391;B
20240312;101018;160.74;5080;9813102397;B
20240312;101019;160.74;50;9813102610;S
20240312;101019;160.74;100;9813102640;S
20240312;101021;160.75;20;9813103005;B
20240312;101021;160.75;50;9813103006;B
20240312;101021;160.75;6000;9813103007;B
20240312;101021;160.75;1040;9813103008;B
20240312;101021;160.75;960;9813103098;B
20240312;101021;160.76;720;9813103099;B
20240312;101021;160.76;280;9813103166;B
20240312;101021;160.76;4220;9813103167;B
20240312;101021;160.76;2040;9813103168;B
20240312;101021;160.76;1600;9813103245;B
20240312;101022;160.75;930;9813103442;S
20240312;101023;160.76;40;9813103773;B
20240312;101025;160.76;30;9813104084;B
20240312;101025;160.75;70;9813104117;S
20240312;101025;160.75;30;9813104118;S
20240312;101025;160.76;10;9813104132;B
20240312;101025;160.75;150;9813104179;S
20240312;101026;160.75;120;9813104266;S
20240312;101026;160.75;1000;9813104267;S
20240312;101026;160.75;1530;9813104268;S
20240312;101026;160.75;1600;9813104269;S
20240312;101026;160.75;2700;9813104270;S
20240312;101026;160.75;1460;9813104362;B
20240312;101027;160.75;10;9813104708;B
20240312;101033;160.74;10;9813105930;S
20240312;101033;160.74;300;9813105931;S
20240312;101033;160.74;1000;9813105932;S
20240312;101033;160.74;810;9813105933;S
20240312;101033;160.74;2500;9813105934;S
20240312;101033;160.73;1000;9813105935;S
20240312;101033;160.73;2170;9813105936;S
20240312;101033;160.72;10;9813105937;S
20240312;101033;160.72;2000;9813105938;S
20240312;101033;160.72;10;9813105939;S
20240312;101033;160.71;10;9813105940;S
20240312;101033;160.71;600;9813105941;S
20240312;101033;160.71;300;9813105942;S
20240312;101033;160.71;4280;9813105943;S
20240312;101035;160.74;10;9813106545;B
20240312;101035;160.75;1990;9813106546;B
20240312;101037;160.75;100;9813107005;B
20240312;101037;160.73;1000;9813107171;S
20240312;101037;160.72;800;9813107172;S
20240312;101037;160.71;200;9813107173;S
20240312;101039;160.74;100;9813107473;B
20240312;101039;160.74;80;9813107477;B
20240312;101045;160.74;10;9813108573;B
20240312;101047;160.75;10;9813109028;B
20240312;101048;160.74;30;9813109276;S
20240312;101049;160.74;10;9813109375;S
20240312;101049;160.75;20;9813109402;B
20240312;101049;160.74;10;9813109477;S
20240312;101054;160.75;460;9813110522;B
20240312;101055;160.74;100;9813110679;S
20240312;101056;160.75;20;9813111078;B
20240312;101059;160.75;10;9813111375;B
20240312;101059;160.74;850;9813111389;S
20240312;101059;160.74;780;9813111390;S
20240312;101059;160.74;3300;9813111391;S
20240312;101059;160.74;18370;9813111392;S
20240312;101101;160.75;690;9813111754;B
20240312;101101;160.75;50;9813111755;B
20240312;101101;160.75;10;9813111756;B
20240312;101101;160.75;50;9813111757;B
20240312;101101;160.75;1340;9813111807;B
20240312;101103;160.74;10;9813112134;S
20240312;101103;160.74;1000;9813112150;S
20240312;101104;160.75;50;9813112249;B
20240312;101106;160.75;10;9813112514;B
20240312;101111;160.75;20;9813113460;B
20240312;101112;160.74;200;9813113689;S
20240312;101113;160.74;420;9813113829;S
20240312;101113;160.74;530;9813113830;S
20240312;101114;160.74;470;9813113946;S
20240312;101114;160.74;530;9813113947;S
20240312;101117;160.75;100;9813114827;B
20240312;101117;160.74;20;9813114867;S
20240312;101119;160.74;40;9813115297;S
20240312;101119;160.75;10;9813115328;B
20240312;101121;160.75;40;9813115529;B
20240312;101127;160.74;480;9813116451;S
20240312;101127;160.74;460;9813116557;S
20240312;101127;160.74;240;9813116558;S
20240312;101128;160.75;10;9813116663;B
20240312;101129;160.75;50;9813116862;B
20240312;101129;160.75;5060;9813116863;B
20240312;101129;160.75;90;9813116864;B
20240312;101129;160.75;90;9813116865;B
20240312;101129;160.76;190;9813116866;B
20240312;101132;160.76;230;9813117227;B
20240312;101138;160.75;40;9813117930;S
20240312;101138;160.76;30;9813117932;B
20240312;101144;160.75;10;9813118585;S
20240312;101146;160.74;20;9813118771;S
20240312;101146;160.74;10;9813118772;S
20240312;101151;160.76;20;9813119490;B
20240312;101153;160.75;30;9813119813;S
20240312;101153;160.75;50;9813119852;S
20240312;101154;160.76;200;9813119903;B
20240312;101154;160.75;10;9813119926;S
20240312;101157;160.75;10;9813120428;S
20240312;101200;160.75;100;9813120724;S
20240312;101200;160.75;180;9813120764;S
20240312;101203;160.76;50;9813121185;B
20240312;101206;160.76;830;9813121618;B
20240312;101207;160.76;7110;9813121689;B
20240312;101207;160.76;3400;9813121704;B
20240312;101207;160.76;20;9813121705;B
20240312;101207;160.76;2000;9813121706;B
20240312;101207;160.76;780;9813121707;B
20240312;101207;160.76;170;9813121708;B
20240312;101210;160.76;50;9813122018;S
20240312;101210;160.76;20;9813122100;S
20240312;101210;160.77;10;9813122108;B
20240312;101210;160.77;20;9813122109;B
20240312;101210;160.77;10;9813122110;B
20240312;101210;160.77;10;9813122111;B
20240312;101210;160.77;10;9813122112;B
20240312;101210;160.78;8000;9813122113;B
20240312;101210;160.78;2000;9813122114;B
20240312;101210;160.79;10;9813122115;B
20240312;101210;160.79;860;9813122116;B
20240312;101210;160.79;1780;9813122117;B
20240312;101210;160.79;100;9813122118;B
20240312;101210;160.79;20;9813122119;B
20240312;101210;160.79;800;9813122120;B
20240312;101210;160.79;800;9813122121;B
20240312;101216;160.79;110;9813123013;S
20240312;101217;160.8;10;9813123098;B
20240312;101217;160.8;30;9813123099;B
20240312;101219;160.8;170;9813123342;B
20240312;101219;160.8;460;9813123343;B
20240312;101220;160.8;30;9813123480;B
20240312;101220;160.8;10;9813123502;B
20240312;101220;160.8;4300;9813123503;B
20240312;101220;160.8;10;9813123504;B
20240312;101220;160.8;50;9813123505;B
20240312;101220;160.8;10;9813123506;B
20240312;101220;160.8;10;9813123507;B
20240312;101220;160.8;610;9813123508;B
20240312;101221;160.79;10;9813123651;S
20240312;101222;160.8;30;9813123779;B
20240312;101223;160.8;130;9813123832;B
20240312;101224;160.8;10000;9813123985;B
20240312;101224;160.8;10;9813124089;B
20240312;101226;160.79;100;9813124381;S
20240312;101230;160.8;1910;9813124944;B
20240312;101230;160.8;1580;9813124966;B
20240312;101231;160.8;1510;9813125021;B
20240312;101231;160.8;1440;9813125072;B
20240312;101231;160.8;1380;9813125122;B
20240312;101234;160.8;20;9813125497;B
20240312;101235;160.8;7110;9813125525;B
20240312;101235;160.8;4270;9813125553;B
20240312;101235;160.8;250;9813125554;B
20240312;101235;160.8;100;9813125555;B
20240312;101235;160.8;500;9813125556;B
20240312;101235;160.81;20;9813125577;B
20240312;101235;160.81;50;9813125578;B
20240312;101235;160.81;10;9813125579;B
20240312;101235;160.81;10;9813125580;B
20240312;101235;160.82;10;9813125581;B
20240312;101235;160.82;150;9813125582;B
20240312;101235;160.82;200;9813125583;B
20240312;101235;160.83;100;9813125584;B
20240312;101235;160.83;300;9813125585;B
20240312;101235;160.83;20;9813125586;B
20240312;101235;160.81;10;9813125610;B
20240312;101235;160.84;240;9813125611;B
20240312;101238;160.84;260;9813125844;B
20240312;101238;160.84;740;9813125845;B
20240312;101238;160.84;100;9813125849;B
20240312;101238;160.84;160;9813125862;B
20240312;101238;160.84;20;9813125863;B
20240312;101238;160.84;20;9813125864;B
20240312;101238;160.84;100;9813125873;B
20240312;101238;160.84;100;9813125896;B
20240312;101238;160.84;90;9813125908;B
20240312;101238;160.83;20;9813125937;S
20240312;101240;160.84;10;9813126132;B
20240312;101240;160.84;1780;9813126199;B
20240312;101240;160.84;10;9813126200;B
20240312;101240;160.85;100;9813126201;B
20240312;101240;160.85;1110;9813126202;B
20240312;101240;160.84;20;9813126216;S
20240312;101241;160.85;500;9813126281;B
20240312;101242;160.85;500;9813126351;B
20240312;101242;160.85;20;9813126352;B
20240312;101242;160.85;100;9813126372;B
20240312;101242;160.85;500;9813126403;B
20240312;101243;160.85;10;9813126439;B
20240312;101243;160.85;260;9813126445;B
20240312;101243;160.85;50;9813126446;B
20240312;101243;160.85;500;9813126447;B
20240312;101243;160.86;1000;9813126449;B
20240312;101243;160.87;1000;9813126450;B
20240312;101243;160.87;170;9813126451;B
20240312;101243;160.87;10;9813126452;B
20240312;101243;160.87;260;9813126453;B
20240312;101243;160.88;10;9813126484;B
20240312;101243;160.89;60;9813126485;B
20240312;101243;160.89;40;9813126515;B
20240312;101243;160.89;60;9813126516;B
20240312;101243;160.89;200;9813126519;B
20240312;101243;160.89;310;9813126526;B
20240312;101243;160.89;10;9813126527;B
20240312;101243;160.9;70;9813126528;B
20240312;101243;160.9;60;9813126529;B
20240312;101243;160.9;210;9813126530;B
20240312;101243;160.9;450;9813126531;B
20240312;101243;160.9;1000;9813126532;B
20240312;101243;160.9;10;9813126533;B
20240312;101243;160.9;500;9813126534;B
20240312;101243;160.9;100;9813126535;B
20240312;101243;160.9;50;9813126536;B
20240312;101243;160.91;20;9813126537;B
20240312;101243;160.91;10;9813126538;B
20240312;101243;160.91;290;9813126539;B
20240312;101243;160.9;500;9813126549;S
20240312;101244;160.91;100;9813126606;B
20240312;101244;160.91;10;9813126691;B
20240312;101244;160.92;10;9813126692;B
20240312;101244;160.93;20;9813126693;B
20240312;101244;160.93;20;9813126694;B
20240312;101244;160.94;30;9813126698;B
20240312;101244;160.95;800;9813126699;B
20240312;101244;160.95;1000;9813126700;B
20240312;101244;160.95;10;9813126701;B
20240312;101244;160.95;190;9813126702;B
20240312;101244;160.94;2000;9813126703;S
20240312;101244;160.95;800;9813126704;B
20240312;101244;160.95;100;9813126705;B
20240312;101244;160.95;100;9813126706;B
20240312;101244;160.95;100;9813126707;B
20240312;101244;160.95;100;9813126708;B
20240312;101244;160.95;100;9813126709;B
20240312;101244;160.95;100;9813126710;B
20240312;101244;160.95;200;9813126711;B
20240312;101244;160.94;10;9813126788;S
20240312;101244;160.94;10;9813126799;S
20240312;101244;160.94;50;9813126805;S
20240312;101244;160.95;710;9813126899;B
20240312;101244;160.95;50;9813126900;B
20240312;101244;160.95;2000;9813126901;B
20240312;101244;160.95;10;9813126902;B
20240312;101244;160.96;500;9813126903;B
20240312;101244;160.96;1110;9813126904;B
20240312;101244;160.97;10;9813126905;B
20240312;101244;160.97;70;9813126906;B
20240312;101244;160.97;60;9813126907;B
20240312;101244;160.98;1000;9813126908;B
20240312;101244;160.98;10;9813126909;B
20240312;101244;160.98;10;9813126910;B
20240312;101244;160.98;700;9813126911;B
20240312;101244;160.98;360;9813126912;B
20240312;101244;160.97;300;9813126913;S
20240312;101244;160.98;550;9813126914;B
20240312;101244;160.98;450;9813126915;B
20240312;101244;160.98;550;9813126916;B
20240312;101244;160.98;450;9813126917;B
20240312;101244;160.98;1000;9813126918;B
20240312;101244;160.97;20;9813126929;S
20240312;101245;160.98;1200;9813126939;B
20240312;101245;160.98;1000;9813126940;B
20240312;101245;160.97;500;9813127109;S
20240312;101246;160.98;3100;9813127171;B
20240312;101246;160.98;10;9813127276;B
20240312;101247;160.98;300;9813127453;B
20240312;101247;160.98;100;9813127642;B
20240312;101249;160.97;180;9813127928;S
20240312;101249;160.97;620;9813127929;S
20240312;101250;160.97;800;9813128926;S
20240312;101250;160.97;900;9813128927;S
20240312;101250;160.97;100;9813128928;S
20240312;101251;160.97;200;9813129148;S
20240312;101251;160.97;100;9813129149;S
20240312;101251;160.97;10;9813129150;S
20240312;101251;160.97;170;9813129151;S
20240312;101251;160.96;40;9813129262;S
20240312;101252;160.96;960;9813129298;S
20240312;101252;160.96;1190;9813129299;S
20240312;101252;160.96;5000;9813129300;S
20240312;101252;160.94;100;9813129357;S
20240312;101252;160.94;750;9813129358;S
20240312;101253;160.95;300;9813129419;B
20240312;101253;160.95;2000;9813129420;B
20240312;101253;160.95;1000;9813129421;B
20240312;101253;160.96;1000;9813129422;B
20240312;101253;160.97;1100;9813129423;B
20240312;101253;160.97;1870;9813129424;B
20240312;101253;160.98;840;9813129425;B
20240312;101253;160.98;10;9813129426;B
20240312;101253;160.98;370;9813129427;B
20240312;101253;160.98;30;9813129428;B
20240312;101253;160.98;10;9813129429;B
20240312;101253;160.98;20;9813129430;B
20240312;101253;160.98;100;9813129431;B
20240312;101253;160.98;100;9813129432;B
20240312;101253;160.98;20;9813129433;B
20240312;101253;160.98;10;9813129434;B
20240312;101253;160.98;5000;9813129435;B
20240312;101253;160.98;730;9813129436;B
20240312;101253;160.98;300;9813129437;B
20240312;101253;160.99;200;9813129438;B
20240312;101253;160.99;100;9813129439;B
20240312;101253;160.99;10;9813129440;B
20240312;101253;160.99;4880;9813129441;B
20240312;101253;160.97;40;9813129446;B
20240312;101254;160.96;50;9813129608;S
20240312;101256;160.96;10;9813129888;S
20240312;101256;160.97;10;9813129968;B
20240312;101256;160.97;250;9813129979;B
20240312;101256;160.97;1000;9813129980;B
20240312;101256;160.98;750;9813129981;B
20240312;101258;160.96;90;9813130278;S
20240312;101300;160.97;60;9813130439;B
20240312;101301;160.97;20;9813130606;B
20240312;101305;160.97;50;9813131673;B
20240312;101307;160.97;870;9813131990;B
20240312;101309;160.96;2980;9813132256;S
20240312;101309;160.96;2020;9813132257;S
20240312;101310;160.96;50;9813132402;S
20240312;101311;160.97;100;9813132497;B
20240312;101312;160.97;20;9813132607;B
20240312;101314;160.96;650;9813132757;S
20240312;101314;160.96;350;9813132758;S
20240312;101314;160.96;100;9813132767;S
20240312;101315;160.96;30;9813132931;S
20240312;101315;160.97;10;9813132970;B
20240312;101318;160.97;70;9813133257;B
20240312;101318;160.97;710;9813133258;B
20240312;101318;160.97;90;9813133265;B
20240312;101318;160.97;90;9813133266;B
20240312;101318;160.97;150;9813133288;B
20240312;101321;160.96;1000;9813133619;S
20240312;101322;160.96;1020;9813133828;S
20240312;101322;160.96;1000;9813133829;S
20240312;101322;160.96;1000;9813133830;S
20240312;101322;160.96;980;9813133831;B
20240312;101323;160.96;20;9813133882;S
20240312;101323;160.96;500;9813133984;S
20240312;101326;160.96;250;9813134289;S
20240312;101326;160.96;10;9813134315;S
20240312;101327;160.96;20;9813134444;S
20240312;101329;160.97;760;9813134837;B
20240312;101329;160.97;1000;9813134838;B
20240312;101329;160.97;100;9813134839;B
20240312;101329;160.97;300;9813134840;B
20240312;101329;160.97;20;9813134841;B
20240312;101329;160.97;300;9813134842;B
20240312;101329;160.97;1050;9813134843;B
20240312;101329;160.97;1870;9813134844;B
20240312;101329;160.97;100;9813134845;B
20240312;101329;160.97;20;9813134846;B
20240312;101329;160.97;2060;9813134847;B
20240312;101329;160.98;250;9813134848;B
20240312;101329;160.98;10;9813134849;B
20240312;101329;160.98;5000;9813134850;B
20240312;101329;160.98;20;9813134851;B
20240312;101329;160.98;1240;9813134852;B
20240312;101329;160.98;30;9813134853;B
20240312;101329;160.98;30;9813134854;B
20240312;101329;160.98;100;9813134855;B
20240312;101329;160.98;100;9813134856;B
20240312;101329;160.98;500;9813134857;B
20240312;101329;160.98;100;9813134858;B
20240312;101329;160.98;100;9813134859;B
20240312;101329;160.99;120;9813134860;B
20240312;101329;160.99;10;9813134861;B
20240312;101329;160.99;3700;9813134862;B
20240312;101329;160.99;20;9813134863;B
20240312;101329;160.99;100;9813134864;B
20240312;101329;160.99;10;9813134865;B
20240312;101329;160.99;48980;9813134866;B
20240312;101333;160.97;100;9813135500;S
20240312;101333;160.97;20;9813135531;S
20240312;101335;160.97;30;9813135886;S
20240312;101336;160.98;40;9813135997;B
20240312;101336;160.97;210;9813136002;S
20240312;101336;160.97;20;9813136003;S
20240312;101343;160.98;200;9813136805;B
20240312;101343;160.97;250;9813136884;S
20240312;101345;160.98;80;9813137107;B
20240312;101345;160.97;1990;9813137128;S
20240312;101345;160.97;20;9813137129;S
20240312;101345;160.97;1500;9813137130;S
20240312;101345;160.97;10;9813137131;S
20240312;101345;160.97;820;9813137132;S
20240312;101345;160.97;50;9813137133;S
20240312;101345;160.96;610;9813137134;S
20240312;101345;160.97;300;9813137135;B
20240312;101346;160.98;680;9813137269;B
20240312;101346;160.98;1320;9813137270;B
20240312;101350;160.98;20;9813137577;B
20240312;101350;160.98;180;9813137578;B
20240312;101350;160.97;10;9813137659;S
20240312;101352;160.98;10;9813137887;B
20240312;101355;160.97;1000;9813138131;S
20240312;101356;160.97;1190;9813138341;S
20240312;101356;160.97;50;9813138342;S
20240312;101356;160.97;2500;9813138343;B
20240312;101359;160.97;700;9813138612;B
20240312;101359;160.96;90;9813138724;S
20240312;101359;160.96;2500;9813138725;S
20240312;101359;160.96;100;9813138726;S
20240312;101359;160.96;1000;9813138727;S
20240312;101359;160.95;1030;9813138728;S
20240312;101402;160.95;800;9813139027;B
20240312;101403;160.94;100;9813139259;S
20240312;101404;160.94;80;9813139368;S
20240312;101405;160.94;50;9813139548;S
20240312;101407;160.95;200;9813139697;B
20240312;101407;160.94;10;9813139770;S
20240312;101408;160.95;10;9813139928;B
20240312;101408;160.95;10;9813140020;B
20240312;101409;160.95;10;9813140058;B
20240312;101409;160.95;10;9813140136;B
20240312;101410;160.95;10;9813140346;B
20240312;101411;160.94;30;9813140508;S
20240312;101411;160.95;4230;9813140550;B
20240312;101411;160.95;770;9813140551;B
20240312;101413;160.95;20;9813140773;B
20240312;101413;160.95;10;9813140805;B
20240312;101414;160.95;10;9813140866;B
20240312;101417;160.95;190;9813141164;B
20240312;101417;160.95;60;9813141165;B
20240312;101418;160.95;20;9813141290;B
20240312;101419;160.94;140;9813141347;S
20240312;101419;160.94;300;9813141389;S
20240312;101419;160.94;100;9813141394;S
20240312;101420;160.95;50;9813141622;B
20240312;101420;160.95;50;9813141623;B
20240312;101420;160.94;10;9813141627;S
20240312;101421;160.95;750;9813141662;B
20240312;101421;160.95;10;9813141663;B
20240312;101421;160.95;30;9813141664;B
20240312;101421;160.95;410;9813141665;B
20240312;101421;160.95;590;9813141666;B
20240312;101421;160.95;510;9813141667;B
20240312;101421;160.95;490;9813141668;B
20240312;101421;160.95;60;9813141669;B
20240312;101421;160.96;200;9813141670;B
20240312;101424;160.96;30;9813142072;S
20240312;101427;160.96;500;9813142614;S
20240312;101430;160.97;1450;9813142866;B
20240312;101430;160.97;250;9813142867;B
20240312;101430;160.97;10;9813142868;B
20240312;101430;160.97;340;9813142967;B
20240312;101430;160.97;300;9813142968;B
20240312;101430;160.97;20;9813142969;B
20240312;101430;160.97;10;9813142970;B
20240312;101430;160.97;10;9813142971;B
20240312;101430;160.97;260;9813142972;B
20240312;101430;160.96;80;9813142993;S
20240312;101433;160.97;10;9813143333;B
20240312;101434;160.96;1890;9813143407;S
20240312;101434;160.96;4000;9813143408;S
20240312;101434;160.96;300;9813143409;S
20240312;101434;160.96;60;9813143410;S
20240312;101434;160.96;1000;9813143411;S
20240312;101434;160.96;250;9813143412;S
20240312;101436;160.96;1750;9813143716;S
20240312;101436;160.96;50;9813143717;S
20240312;101436;160.96;1880;9813143718;S
20240312;101439;160.96;20;9813144118;S
20240312;101439;160.97;40;9813144127;B
20240312;101440;160.97;190;9813144209;B
20240312;101442;160.97;50;9813144467;B
20240312;101442;160.97;70;9813144478;B
20240312;101443;160.96;30;9813144504;S
20240312;101443;160.96;500;9813144529;S
20240312;101443;160.96;20;9813144546;S
20240312;101447;160.96;40;9813145135;S
20240312;101448;160.97;10;9813145150;B
20240312;101448;160.96;10;9813145184;S
20240312;101448;160.96;10;9813145185;S
20240312;101448;160.96;70;9813145186;S
20240312;101453;160.96;430;9813145769;S
20240312;101453;160.96;400;9813145770;S
20240312;101453;160.96;2500;9813145771;S
20240312;101453;160.96;10;9813145772;S
20240312;101455;160.96;1000;9813146098;B
20240312;101457;160.96;10;9813146359;B
20240312;101458;160.96;50;9813146364;B
20240312;101458;160.95;10;9813146385;S
20240312;101502;160.96;10;9813147088;B
20240312;101502;160.95;30;9813147091;S
20240312;101503;160.96;30;9813147202;B
20240312;101503;160.95;330;9813147355;S
20240312;101505;160.95;80;9813147540;S
20240312;101505;160.95;100;9813147541;S
20240312;101508;160.96;20;9813148200;B
20240312;101508;160.95;10;9813148288;S
20240312;101510;160.96;630;9813148513;B
20240312;101512;160.96;10;9813148831;B
20240312;101512;160.96;40;9813149003;B
20240312;101522;160.96;80;9813150931;B
20240312;101525;160.95;200;9813151584;S
20240312;101526;160.95;20;9813151844;S
20240312;101530;160.96;300;9813152470;B
20240312;101530;160.95;1770;9813152521;S
20240312;101530;160.95;2500;9813152522;S
20240312;101530;160.95;10;9813152523;S
20240312;101530;160.95;1000;9813152524;S
20240312;101530;160.95;8000;9813152525;S
20240312;101530;160.95;2000;9813152526;S
20240312;101530;160.95;100;9813152527;S
20240312;101530;160.95;1000;9813152528;S
20240312;101530;160.94;1020;9813152529;B
20240312;101530;160.94;1000;9813152530;B
20240312;101530;160.94;480;9813152531;B
20240312;101530;160.94;320;9813152533;B
20240312;101531;160.95;120;9813152632;B
20240312;101533;160.95;630;9813153187;B
20240312;101534;160.94;10;9813153384;S
20240312;101535;160.95;30;9813153499;B
20240312;101536;160.95;190;9813153674;B
20240312;101537;160.94;100;9813153885;S
20240312;101538;160.94;200;9813154068;S
20240312;101538;160.95;10;9813154080;B
20240312;101545;160.94;500;9813155499;S
20240312;101545;160.94;50;9813155540;S
20240312;101550;160.95;50;9813156342;B
20240312;101550;160.94;700;9813156404;S
20240312;101551;160.94;70;9813156473;S
20240312;101552;160.94;50;9813156757;S
20240312;101552;160.94;950;9813156758;S
20240312;101552;160.94;500;9813156778;S
20240312;101554;160.94;2000;9813157038;S
20240312;101554;160.95;100;9813157099;B
20240312;101555;160.94;40;9813157284;S
20240312;101556;160.94;10;9813157395;S
20240312;101558;160.94;490;9813157686;S
20240312;101600;160.95;10;9813158201;B
20240312;101602;160.94;1460;9813158497;S
20240312;101602;160.94;40;9813158498;S
20240312;101603;160.94;40;9813158695;S
20240312;101603;160.94;10;9813158698;S
20240312;101603;160.94;130;9813158708;S
20240312;101604;160.94;1000;9813158974;S
20240312;101605;160.94;110;9813158995;S
20240312;101609;160.94;20;9813159618;S
20240312;101609;160.95;50;9813159639;B
20240312;101609;160.95;8000;9813159640;B
20240312;101609;160.95;8000;9813159641;B
20240312;101609;160.94;10;9813159646;S
20240312;101611;160.94;100;9813159946;S
20240312;101612;160.94;1080;9813160088;S
20240312;101612;160.94;1000;9813160089;S
20240312;101612;160.94;2000;9813160090;S
20240312;101612;160.94;400;9813160091;S
20240312;101612;160.94;300;9813160092;S
20240312;101612;160.94;900;9813160093;S
20240312;101612;160.94;2500;9813160094;B
20240312;101615;160.93;90;9813160431;S
20240312;101615;160.94;1000;9813160563;B
20240312;101617;160.94;20;9813160939;B
20240312;101617;160.94;800;9813160963;B
20240312;101617;160.94;450;9813160964;B
20240312;101617;160.94;500;9813160965;B
20240312;101617;160.94;80;9813160966;B
20240312;101617;160.94;1000;9813160967;B
20240312;101618;160.94;550;9813161253;B
20240312;101618;160.94;10;9813161254;B
20240312;101618;160.94;110;9813161255;B
20240312;101618;160.95;940;9813161256;B
20240312;101618;160.94;60;9813161287;S
20240312;101618;160.95;1540;9813161325;B
20240312;101619;160.95;1470;9813161418;B
20240312;101626;160.94;10;9813163011;S
20240312;101629;160.94;40;9813163638;S
20240312;101629;160.94;90;9813163704;S
20240312;101630;160.95;10;9813163811;B
20240312;101632;160.94;1000;9813164127;S
20240312;101632;160.95;10;9813164319;B
20240312;101633;160.94;10;9813164385;S
20240312;101635;160.94;50;9813164675;S
20240312;101635;160.95;500;9813164832;B
20240312;101637;160.94;1000;9813165710;S
20240312;101640;160.94;300;9813166099;S
20240312;101640;160.94;1000;9813166100;S
20240312;101640;160.94;300;9813166101;S
20240312;101640;160.94;1000;9813166102;S
20240312;101640;160.94;1000;9813166103;S
20240312;101640;160.94;300;9813166104;S
20240312;101640;160.94;200;9813166105;S
20240312;101640;160.94;1790;9813166106;S
20240312;101640;160.94;1260;9813166107;S
20240312;101640;160.94;10;9813166128;S
20240312;101640;160.94;50;9813166197;S
20240312;101641;160.94;160;9813166251;S
20240312;101641;160.95;10;9813166326;B
20240312;101641;160.94;700;9813166408;S
20240312;101642;160.94;10;9813166483;S
20240312;101646;160.95;60;9813167196;B
20240312;101646;160.94;10;9813167260;S
20240312;101650;160.94;40;9813167820;S
20240312;101651;160.95;10;9813167961;B
20240312;101652;160.94;70;9813168119;S
20240312;101654;160.94;10;9813168524;S
20240312;101659;160.95;300;9813169297;B
20240312;101700;160.94;1000;9813169413;S
20240312;101701;160.95;520;9813169569;B
20240312;101701;160.95;100;9813169623;B
20240312;101703;160.94;10;9813169859;S
20240312;101703;160.94;590;9813169868;S
20240312;101705;160.95;10;9813170040;B
20240312;101705;160.94;140;9813170106;S
20240312;101706;160.95;440;9813170281;B
20240312;101711;160.95;1320;9813170856;B
20240312;101711;160.95;2000;9813170857;B
20240312;101711;160.95;900;9813170858;B
20240312;101711;160.95;200;9813170859;B
20240312;101711;160.95;500;9813170860;B
20240312;101711;160.95;1200;9813170912;B
20240312;101711;160.95;500;9813170913;B
20240312;101711;160.95;2000;9813170914;B
20240312;101711;160.95;500;9813170915;B
20240312;101711;160.95;1200;9813170916;B
20240312;101711;160.95;200;9813170917;B
20240312;101711;160.95;2500;9813170918;B
20240312;101711;160.95;1910;9813170919;B
20240312;101711;160.95;1000;9813170920;B
20240312;101711;160.95;2000;9813170921;B
20240312;101711;160.95;1200;9813170922;B
20240312;101711;160.95;200;9813170923;B
20240312;101711;160.95;1000;9813170924;B
20240312;101711;160.95;180;9813170925;B
20240312;101711;160.95;500;9813170926;B
20240312;101711;160.95;40;9813170927;B
20240312;101711;160.95;10;9813170928;B
20240312;101711;160.95;10;9813170929;B
20240312;101711;160.95;210;9813170930;B
20240312;101711;160.95;40;9813170931;B
20240312;101711;160.95;100;9813170932;B
20240312;101711;160.95;500;9813170933;B
20240312;101711;160.95;10;9813170934;B
20240312;101711;160.95;220;9813170935;B
20240312;101711;160.95;10;9813170936;B
20240312;101711;160.95;10;9813170937;B
20240312;101711;160.95;10;9813170938;B
20240312;101711;160.95;50;9813170939;B
20240312;101711;160.95;40;9813170940;B
20240312;101711;160.96;280;9813170941;B
20240312;101711;160.96;10;9813170942;B
20240312;101711;160.96;30;9813170943;B
20240312;101711;160.96;60;9813170944;B
20240312;101711;160.96;630;9813170945;B
20240312;101711;160.96;200;9813170946;B
20240312;101711;160.96;1620;9813170947;B
20240312;101711;160.96;10;9813170948;B
20240312;101711;160.96;10;9813170949;B
20240312;101711;160.96;50;9813170950;B
20240312;101711;160.96;80;9813170951;B
20240312;101711;160.96;10;9813170961;S
20240312;101711;160.96;220;9813171020;S
20240312;101711;160.96;10;9813171021;S
20240312;101712;160.97;20;9813171038;B
20240312;101712;160.97;10;9813171040;B
20240312;101712;160.97;100;9813171052;B
20240312;101712;160.97;20;9813171076;B
20240312;101713;160.97;110;9813171119;B
20240312;101713;160.97;1000;9813171173;B
20240312;101713;160.97;40;9813171174;B
20240312;101713;160.97;20;9813171175;B
20240312;101713;160.97;10;9813171176;B
20240312;101713;160.97;250;9813171177;B
20240312;101713;160.97;330;9813171178;B
20240312;101713;160.97;30;9813171179;B
20240312;101713;160.97;40;9813171180;B
20240312;101713;160.97;20;9813171181;B
20240312;101713;160.97;80;9813171182;B
20240312;101713;160.97;50;9813171183;B
20240312;101713;160.97;50;9813171184;B
20240312;101713;160.97;10;9813171185;B
20240312;101713;160.98;10;9813171192;B
20240312;101713;160.98;2100;9813171193;B
20240312;101713;160.98;5000;9813171194;B
20240312;101713;160.98;10;9813171195;B
20240312;101713;160.98;20;9813171196;B
20240312;101713;160.98;20;9813171197;B
20240312;101713;160.98;840;9813171198;B
20240312;101713;160.98;460;9813171200;B
20240312;101713;160.98;120;9813171201;B
20240312;101713;160.98;100;9813171202;B
20240312;101713;160.98;1000;9813171203;B
20240312;101713;160.98;60;9813171204;B
20240312;101713;160.99;2020;9813171205;B
20240312;101713;160.99;50;9813171206;B
20240312;101713;160.99;20;9813171207;B
20240312;101713;160.99;4000;9813171208;B
20240312;101713;160.99;20;9813171209;B
20240312;101713;160.99;150;9813171210;B
20240312;101713;160.99;100;9813171211;B
20240312;101713;160.99;20;9813171212;B
20240312;101713;160.99;100;9813171213;B
20240312;101713;160.99;50;9813171214;B
20240312;101713;160.99;500;9813171215;B
20240312;101713;160.99;280;9813171216;B
20240312;101713;160.99;4970;9813171217;B
20240312;101713;160.99;200;9813171218;B
20240312;101713;160.99;100;9813171219;B
20240312;101713;160.99;100;9813171220;B
20240312;101713;160.99;10;9813171221;B
20240312;101713;160.99;10;9813171222;B
20240312;101713;160.99;10;9813171223;B
20240312;101713;161;150;9813171224;B
20240312;101713;161;100;9813171225;B
20240312;101713;161;10;9813171226;B
20240312;101713;161;500;9813171227;B
20240312;101713;161;650;9813171228;B
20240312;101713;161;90;9813171229;B
20240312;101713;161;10;9813171230;B
20240312;101713;161;40;9813171231;B
20240312;101713;161;60;9813171234;B
20240312;101713;161;500;9813171235;B
20240312;101713;161;500;9813171236;B
20240312;101713;161;10;9813171237;B
20240312;101713;161;1000;9813171238;B
20240312;101713;161;250;9813171239;B
20240312;101713;161;1410;9813171240;B
20240312;101713;161;30;9813171241;B
20240312;101713;161;10;9813171242;B
20240312;101713;161;10;9813171243;B
20240312;101713;161;800;9813171244;B
20240312;101713;161;680;9813171245;B
20240312;101713;161;30;9813171246;B
20240312;101713;161;10;9813171247;B
20240312;101713;161;2700;9813171248;B
20240312;101713;161;8000;9813171251;B
20240312;101713;160.99;1000;9813171294;S
20240312;101713;160.99;1000;9813171295;S
20240312;101713;160.99;800;9813171296;S
20240312;101713;160.99;200;9813171297;S
20240312;101713;160.99;10;9813171298;S
20240312;101713;161;10;9813171327;B
20240312;101714;160.99;10;9813171379;S
20240312;101714;160.99;1860;9813171380;S
20240312;101714;160.99;300;9813171381;S
20240312;101714;160.99;1000;9813171382;S
20240312;101714;160.99;790;9813171383;S
20240312;101714;161;20;9813171443;B
20240312;101714;160.99;10;9813171449;S
20240312;101714;161;310;9813171478;B
20240312;101714;161;210;9813171489;B
20240312;101714;161;10;9813171493;B
20240312;101715;161;8000;9813171594;B
20240312;101716;161;10;9813171751;B
20240312;101716;161;20;9813171759;B
20240312;101717;161;10;9813171895;B
20240312;101718;161;10;9813171937;B
20240312;101718;160.99;10;9813172019;S
20240312;101719;161;10;9813172064;B
20240312;101719;160.99;10;9813172099;S
20240312;101719;161;290;9813172100;B
20240312;101719;161;60;9813172121;B
20240312;101720;161;160;9813172219;B
20240312;101721;161;60;9813172291;B
20240312;101721;161;20;9813172371;B
20240312;101721;161;170;9813172422;B
20240312;101722;161;200;9813172440;B
20240312;101722;161;860;9813172441;B
20240312;101722;161;10;9813172443;B
20240312;101723;161;38620;9813172604;B
20240312;101723;161;100;9813172605;B
20240312;101723;161;20;9813172606;B
20240312;101723;161;30;9813172607;B
20240312;101723;161;8700;9813172608;B
20240312;101723;161;500;9813172609;B
20240312;101723;161;100;9813172610;B
20240312;101723;161;10;9813172611;B
20240312;101723;161;2000;9813172612;B
20240312;101723;161;150;9813172613;B
20240312;101723;161;380;9813172614;B
20240312;101723;161;10;9813172615;B
20240312;101723;161;1000;9813172616;B
20240312;101723;161;610;9813172617;B
20240312;101723;161;9880;9813172618;B
20240312;101723;161;310;9813172619;B
20240312;101724;161;530;9813172712;B
20240312;101724;161;1430;9813172731;B
20240312;101724;161;1070;9813172732;B
20240312;101724;161;200;9813172740;B
20240312;101724;161;310;9813172790;B
20240312;101724;161;50;9813172791;B
20240312;101724;161;480;9813172792;B
20240312;101724;161;100;9813172793;B
20240312;101724;161;110;9813172794;B
20240312;101724;161;20;9813172795;B
20240312;101724;161;10;9813172811;B
20240312;101724;161;60;9813172817;B
20240312;101724;161;50;9813172818;B
20240312;101724;161;500;9813172819;B
20240312;101724;161;30;9813172820;B
20240312;101724;161;10;9813172821;B
20240312;101724;161;250;9813172822;B
20240312;101724;161;10;9813172823;B
20240312;101724;161;30;9813172824;B
20240312;101724;161;50;9813172825;B
20240312;101724;161;50;9813172826;B
20240312;101724;161;10;9813172827;B
20240312;101724;161;100;9813172828;B
20240312;101724;161;10;9813172829;B
20240312;101724;161;60;9813172830;B
20240312;101724;161;250;9813172831;B
20240312;101724;161;20;9813172832;B
20240312;101724;161;300;9813172833;B
20240312;101724;161;100;9813172834;B
20240312;101724;161;300;9813172835;B
20240312;101724;161;10;9813172836;B
20240312;101724;161;380;9813172837;B
20240312;101724;161;60;9813172838;B
20240312;101724;161;120;9813172839;B
20240312;101724;161;100;9813172840;B
20240312;101724;161;10;9813172841;B
20240312;101724;161;10;9813172842;B
20240312;101724;161;20;9813172843;B
20240312;101724;161;50;9813172844;B
20240312;101724;161;10;9813172845;B
20240312;101724;161;20;9813172846;B
20240312;101724;161;20;9813172847;B
20240312;101724;161;8000;9813172848;B
20240312;101725;161;20;9813172859;B
20240312;101725;161;1960;9813172905;B
20240312;101725;161;10;9813172906;B
20240312;101725;161;10;9813172907;B
20240312;101725;161;20;9813172908;B
20240312;101725;161;70;9813172909;B
20240312;101725;161.01;500;9813172910;B
20240312;101725;161.01;150;9813172911;B
20240312;101725;161.01;500;9813172912;B
20240312;101725;161.02;10;9813172913;B
20240312;101725;161.02;10;9813172959;B
20240312;101725;161.01;50;9813172963;S
20240312;101725;161.02;10;9813172964;B
20240312;101725;161.02;20;9813172968;B
20240312;101725;161.03;150;9813172969;B
20240312;101725;161.04;50;9813172970;B
20240312;101725;161.05;10;9813172971;B
20240312;101725;161.05;20;9813172972;B
20240312;101725;161.05;10;9813172973;B
20240312;101725;161.05;680;9813172974;B
20240312;101725;161.05;300;9813172975;B
20240312;101725;161.05;70;9813172976;B
20240312;101725;161.05;10;9813172977;B
20240312;101725;161.05;20;9813172978;B
20240312;101725;161.05;200;9813172979;B
20240312;101725;161.05;1800;9813172981;B
20240312;101725;161.06;370;9813172986;B
20240312;101725;161.06;130;9813172987;B
20240312;101725;161.06;20;9813172988;B
20240312;101725;161.06;850;9813172989;B
20240312;101725;161.06;1200;9813172990;B
20240312;101725;161.06;1200;9813172991;B
20240312;101726;161.06;880;9813173009;B
20240312;101726;161.07;70;9813173010;B
20240312;101726;161.07;80;9813173011;B
20240312;101726;161.07;100;9813173012;B
20240312;101726;161.07;100;9813173014;S
20240312;101726;161.07;10;9813173027;S
20240312;101726;161.08;100;9813173039;B
20240312;101726;161.08;100;9813173073;B
20240312;101726;161.08;100;9813173082;B
20240312;101726;161.07;10;9813173089;S
20240312;101726;161.08;90;9813173099;B
20240312;101726;161.08;1000;9813173104;B
20240312;101726;161.07;500;9813173138;S
20240312;101726;161.07;50;9813173144;S
20240312;101726;161.07;10;9813173179;S
20240312;101726;161.08;80;9813173180;B
20240312;101726;161.08;10;9813173193;B
20240312;101726;161.07;10;9813173196;S
20240312;101727;161.08;130;9813173200;B
20240312;101727;161.08;1490;9813173201;B
20240312;101727;161.08;130;9813173202;B
20240312;101727;161.08;870;9813173203;B
20240312;101727;161.08;20;9813173204;B
20240312;101727;161.08;100;9813173205;B
20240312;101727;161.08;50;9813173206;B
20240312;101727;161.08;80;9813173207;B
20240312;101727;161.08;10;9813173210;S
20240312;101727;161.09;30;9813173214;B
20240312;101727;161.09;10;9813173215;B
20240312;101727;161.09;40;9813173216;B
20240312;101727;161.1;10;9813173217;B
20240312;101727;161.1;100;9813173218;B
20240312;101727;161.1;40;9813173219;B
20240312;101727;161.1;20;9813173220;B
20240312;101727;161.1;140;9813173221;B
20240312;101727;161.1;20;9813173222;B
20240312;101727;161.1;10;9813173223;B
20240312;101727;161.1;10;9813173228;B
20240312;101727;161.1;100;9813173229;B
20240312;101727;161.1;1500;9813173230;B
20240312;101727;161.1;200;9813173231;B
20240312;101727;161.1;10;9813173232;B
20240312;101727;161.1;30;9813173233;B
20240312;101727;161.12;10;9813173234;B
20240312;101727;161.12;20;9813173235;B
20240312;101727;161.12;80;9813173236;B
20240312;101727;161.12;10;9813173237;B
20240312;101727;161.13;20;9813173238;B
20240312;101727;161.13;360;9813173239;B
20240312;101727;161.13;70;9813173249;B
20240312;101727;161.12;1000;9813173251;S
20240312;101727;161.12;1000;9813173252;S
20240312;101727;161.12;1000;9813173253;S
20240312;101727;161.12;1000;9813173254;S
20240312;101727;161.12;1000;9813173255;S
20240312;101727;161.12;800;9813173256;S
20240312;101727;161.12;1000;9813173257;S
20240312;101727;161.12;300;9813173258;S
20240312;101727;161.12;4390;9813173259;S
20240312;101727;161.12;1000;9813173260;S
20240312;101727;161.12;1000;9813173261;S
20240312;101727;161.11;1000;9813173262;S
20240312;101727;161.11;1000;9813173263;S
20240312;101727;161.11;800;9813173264;S
20240312;101727;161.11;300;9813173265;S
20240312;101727;161.09;1410;9813173266;S
20240312;101727;161.09;100;9813173267;S
20240312;101727;161.1;30;9813173299;B
20240312;101727;161.13;70;9813173300;B
20240312;101727;161.1;10;9813173319;S
20240312;101727;161.09;200;9813173321;S
20240312;101727;161.09;300;9813173322;S
20240312;101728;161.1;90;9813173362;B
20240312;101728;161.1;10;9813173363;B
20240312;101728;161.13;250;9813173467;B
20240312;101728;161.11;800;9813173480;S
20240312;101728;161.11;1000;9813173481;S
20240312;101728;161.11;400;9813173482;S
20240312;101729;161.13;3150;9813173488;B
20240312;101729;161.13;130;9813173489;B
20240312;101729;161.13;10;9813173490;B
20240312;101729;161.13;300;9813173493;S
20240312;101730;161.14;50;9813173745;B
20240312;101730;161.14;60;9813173746;B
20240312;101730;161.14;100;9813173747;B
20240312;101730;161.14;1000;9813173748;B
20240312;101730;161.14;100;9813173749;B
20240312;101730;161.14;10;9813173804;S
20240312;101731;161.15;10;9813174033;B
20240312;101731;161.15;20;9813174034;B
20240312;101731;161.15;10;9813174035;B
20240312;101731;161.15;10;9813174036;B
20240312;101731;161.15;20;9813174037;B
20240312;101731;161.16;10;9813174058;B
20240312;101731;161.16;10;9813174060;B
20240312;101731;161.18;10;9813174061;B
20240312;101731;161.15;50;9813174070;S
20240312;101731;161.18;10;9813174089;B
20240312;101731;161.16;20;9813174113;S
20240312;101731;161.15;1940;9813174114;S
20240312;101731;161.15;40;9813174115;S
20240312;101731;161.15;500;9813174116;S
20240312;101731;161.15;260;9813174117;S
20240312;101731;161.15;1000;9813174118;S
20240312;101731;161.14;740;9813174119;S
20240312;101733;161.16;10;9813174361;B
20240312;101733;161.16;10;9813174362;B
20240312;101734;161.16;10;9813174421;B
20240312;101734;161.15;50;9813174425;S
20240312;101734;161.14;60;9813174426;S
20240312;101734;161.14;30;9813174427;S
20240312;101734;161.14;10;9813174429;S
20240312;101735;161.16;10;9813174485;B
20240312;101735;161.17;70;9813174486;B
20240312;101735;161.17;2420;9813174487;B
20240312;101735;161.16;10;9813174501;S
20240312;101735;161.16;200;9813174522;S
20240312;101735;161.18;980;9813174553;B
20240312;101735;161.18;20;9813174554;B
20240312;101735;161.18;100;9813174555;B
20240312;101735;161.18;180;9813174556;B
20240312;101735;161.18;1470;9813174557;B
20240312;101735;161.18;1000;9813174558;B
20240312;101735;161.19;6250;9813174559;B
20240312;101736;161.19;20;9813174709;B
20240312;101736;161.19;10;9813174830;B
20240312;101736;161.18;30;9813174875;S
20240312;101739;161.18;20;9813175453;S
20240312;101739;161.19;20;9813175506;B
20240312;101741;161.18;10;9813175700;S
20240312;101744;161.19;8230;9813176416;B
20240312;101744;161.19;20;9813176417;B
20240312;101744;161.19;4000;9813176418;B
20240312;101744;161.19;10;9813176419;B
20240312;101744;161.19;10;9813176420;B
20240312;101744;161.19;250;9813176421;B
20240312;101744;161.19;190;9813176422;B
20240312;101744;161.19;10;9813176423;B
20240312;101744;161.19;10;9813176424;B
20240312;101744;161.19;50;9813176425;B
20240312;101744;161.19;1460;9813176426;B
20240312;101744;161.19;2170;9813176427;B
20240312;101744;161.19;300;9813176428;B
20240312;101744;161.19;1870;9813176429;B
20240312;101744;161.2;40;9813176430;B
20240312;101744;161.2;20;9813176431;B
20240312;101744;161.2;2000;9813176432;B
20240312;101744;161.2;1200;9813176433;B
20240312;101744;161.2;2900;9813176434;B
20240312;101744;161.2;10;9813176435;B
20240312;101744;161.2;100;9813176436;B
20240312;101744;161.2;500;9813176437;B
20240312;101744;161.2;1510;9813176438;B
20240312;101744;161.2;10;9813176439;B
20240312;101744;161.2;20;9813176440;B
20240312;101744;161.2;10;9813176441;B
20240312;101744;161.2;1000;9813176442;B
20240312;101744;161.2;20;9813176443;B
20240312;101744;161.2;1000;9813176444;B
20240312;101744;161.2;300;9813176445;B
20240312;101744;161.21;780;9813176446;B
20240312;101744;161.18;500;9813176507;S
20240312;101745;161.18;600;9813176737;S
20240312;101745;161.18;100;9813176738;S
20240312;101745;161.18;300;9813176739;S
20240312;101745;161.18;1000;9813176740;S
20240312;101745;161.17;10;9813176745;S
20240312;101745;161.17;60;9813176746;S
20240312;101746;161.18;10;9813177048;B
20240312;101746;161.17;2440;9813177074;S
20240312;101746;161.17;60;9813177075;S
20240312;101747;161.18;2990;9813177199;B
20240312;101747;161.18;350;9813177200;B
20240312;101747;161.19;50;9813177201;B
20240312;101747;161.19;700;9813177202;B
20240312;101747;161.2;10;9813177203;B
20240312;101747;161.2;30;9813177204;B
20240312;101747;161.2;30;9813177205;B
20240312;101747;161.2;10;9813177206;B
20240312;101747;161.2;100;9813177207;B
20240312;101747;161.2;60;9813177208;B
20240312;101747;161.2;100;9813177209;B
20240312;101747;161.2;310;9813177210;B
20240312;101747;161.2;20;9813177211;B
20240312;101747;161.2;10;9813177212;B
20240312;101747;161.21;230;9813177213;B
20240312;101747;161.21;20;9813177214;B
20240312;101747;161.21;20;9813177215;B
20240312;101747;161.21;300;9813177216;B
20240312;101747;161.22;510;9813177217;B
20240312;101747;161.22;100;9813177218;B
20240312;101747;161.22;10;9813177219;B
20240312;101747;161.23;70;9813177220;B
20240312;101747;161.23;220;9813177221;B
20240312;101747;161.23;20;9813177222;B
20240312;101747;161.23;20;9813177223;B
20240312;101747;161.23;1870;9813177224;B
20240312;101747;161.23;1840;9813177225;B
20240312;101747;161.21;970;9813177307;S
20240312;101747;161.23;10;9813177322;B
20240312;101747;161.22;1000;9813177336;S
20240312;101747;161.22;10;9813177430;B
20240312;101748;161.21;10;9813177644;S
20240312;101748;161.22;50;9813177649;B
20240312;101749;161.21;1520;9813177898;S
20240312;101749;161.21;190;9813177899;S
20240312;101749;161.21;300;9813177900;S
20240312;101749;161.21;300;9813177901;S
20240312;101749;161.21;60;9813177902;S
20240312;101749;161.2;3330;9813177903;S
20240312;101750;161.21;10;9813178199;S
20240312;101751;161.21;50;9813178329;S
20240312;101751;161.22;390;9813178362;B
20240312;101751;161.22;550;9813178365;B
20240312;101751;161.22;10;9813178366;B
20240312;101751;161.23;230;9813178367;B
20240312;101751;161.24;50;9813178368;B
20240312;101751;161.24;10;9813178369;B
20240312;101751;161.24;100;9813178370;B
20240312;101751;161.24;1000;9813178371;B
20240312;101751;161.24;10;9813178372;B
20240312;101751;161.25;10;9813178373;B
20240312;101751;161.25;10;9813178374;B
20240312;101751;161.25;50;9813178375;B
20240312;101751;161.25;600;9813178376;B
20240312;101751;161.25;10;9813178377;B
20240312;101751;161.25;800;9813178378;B
20240312;101751;161.25;200;9813178379;B
20240312;101751;161.26;20;9813178380;B
20240312;101751;161.26;10;9813178381;B
20240312;101751;161.26;1870;9813178382;B
20240312;101751;161.27;1370;9813178383;B
20240312;101751;161.27;300;9813178384;B
20240312;101751;161.23;300;9813178385;S
20240312;101751;161.23;100;9813178386;S
20240312;101752;161.24;10;9813178544;B
20240312;101752;161.24;240;9813178545;B
20240312;101752;161.24;50;9813178624;S
20240312;101752;161.24;50;9813178625;S
20240312;101752;161.23;300;9813178626;S
20240312;101752;161.22;600;9813178627;S
20240312;101755;161.21;2500;9813179192;S
20240312;101755;161.2;2000;9813179193;S
20240312;101755;161.2;1000;9813179194;S
20240312;101755;161.2;300;9813179195;S
20240312;101755;161.19;1000;9813179196;S
20240312;101755;161.19;10;9813179197;S
20240312;101755;161.19;1410;9813179198;S
20240312;101756;161.19;10;9813179416;B
20240312;101757;161.19;10;9813179770;B
20240312;101757;161.19;10;9813179774;B
20240312;101758;161.19;1000;9813180049;B
20240312;101759;161.18;50;9813180140;S
20240312;101759;161.19;500;9813180295;B
20240312;101800;161.19;10;9813180417;B
20240312;101800;161.18;1600;9813180506;S
20240312;101801;161.19;300;9813180581;B
20240312;101802;161.19;20680;9813181098;B
20240312;101802;161.19;1180;9813181099;B
20240312;101802;161.19;1870;9813181100;B
20240312;101802;161.19;200;9813181101;B
20240312;101802;161.19;800;9813181102;B
20240312;101806;161.2;10;9813181852;B
20240312;101806;161.2;10;9813181853;B
20240312;101806;161.2;30;9813181854;B
20240312;101806;161.19;10;9813181860;S
20240312;101810;161.2;290;9813182318;B
20240312;101811;161.19;10;9813182649;S
20240312;101812;161.19;500;9813182849;S
20240312;101813;161.19;50;9813183002;S
20240312;101816;161.19;10;9813183376;S
20240312;101817;161.19;100;9813183458;S
20240312;101817;161.19;150;9813183459;S
20240312;101817;161.19;80;9813183529;S
20240312;101817;161.19;640;9813183530;S
20240312;101817;161.2;10;9813183537;B
20240312;101818;161.19;20;9813183673;S
20240312;101819;161.19;20;9813183715;S
20240312;101820;161.19;1820;9813183875;S
20240312;101820;161.19;19050;9813183876;S
20240312;101820;161.19;300;9813183877;S
20240312;101820;161.19;900;9813183878;S
20240312;101820;161.19;1100;9813183879;S
20240312;101820;161.19;300;9813183880;S
20240312;101820;161.19;6100;9813183881;S
20240312;101820;161.19;10200;9813183882;S
20240312;101820;161.19;230;9813183883;S
20240312;101820;161.19;1270;9813184036;S
20240312;101820;161.19;2500;9813184037;S
20240312;101820;161.19;230;9813184038;S
20240312;101820;161.19;1000;9813184039;S
20240312;101821;161.19;10;9813184163;S
20240312;101822;161.19;500;9813184359;S
20240312;101822;161.2;10;9813184432;B
20240312;101823;161.19;80;9813184624;S
20240312;101823;161.19;40;9813184716;S
20240312;101823;161.19;230;9813184717;S
20240312;101823;161.19;430;9813184718;S
20240312;101824;161.19;50;9813184784;S
20240312;101824;161.19;10;9813184811;S
20240312;101825;161.19;100;9813184845;S
20240312;101825;161.19;250;9813184868;S
20240312;101825;161.19;500;9813184877;S
20240312;101826;161.2;600;9813185041;B
20240312;101826;161.2;8000;9813185043;B
20240312;101826;161.2;8000;9813185044;B
20240312;101827;161.2;10;9813185167;B
20240312;101827;161.2;60;9813185225;B
20240312;101827;161.19;60;9813185245;S
20240312;101827;161.2;1000;9813185309;B
20240312;101828;161.19;1100;9813185517;S
20240312;101828;161.19;3670;9813185518;S
20240312;101828;161.19;230;9813185519;S
20240312;101828;161.19;1000;9813185520;S
20240312;101829;161.19;10;9813185648;S
20240312;101829;161.2;1000;9813185743;B
20240312;101830;161.2;10;9813185834;B
20240312;101832;161.19;100;9813186049;S
20240312;101832;161.2;2490;9813186089;B
20240312;101832;161.2;1000;9813186090;B
20240312;101832;161.2;2000;9813186091;B
20240312;101832;161.2;200;9813186092;B
20240312;101832;161.2;1000;9813186093;B
20240312;101832;161.2;2000;9813186094;B
20240312;101832;161.2;1200;9813186095;B
20240312;101832;161.2;1000;9813186096;B
20240312;101832;161.2;890;9813186097;B
20240312;101832;161.2;100;9813186098;B
20240312;101832;161.2;10;9813186099;B
20240312;101832;161.2;90;9813186100;B
20240312;101832;161.2;10;9813186101;B
20240312;101832;161.2;190;9813186102;B
20240312;101832;161.2;10;9813186103;B
20240312;101832;161.2;700;9813186104;B
20240312;101832;161.2;300;9813186105;B
20240312;101832;161.2;200;9813186106;B
20240312;101832;161.2;300;9813186107;B
20240312;101832;161.2;200;9813186127;B
20240312;101832;161.2;10;9813186143;B
20240312;101832;161.2;290;9813186168;B
20240312;101832;161.2;1280;9813186169;B
20240312;101832;161.2;10;9813186170;B
20240312;101832;161.21;10;9813186171;B
20240312;101832;161.21;50;9813186172;B
20240312;101832;161.21;250;9813186173;B
20240312;101832;161.21;10;9813186174;B
20240312;101832;161.21;80;9813186175;B
20240312;101832;161.21;170;9813186176;B
20240312;101832;161.22;50;9813186177;B
20240312;101832;161.22;300;9813186178;B
20240312;101832;161.22;400;9813186179;B
20240312;101832;161.22;100;9813186180;B
20240312;101832;161.22;1500;9813186181;B
20240312;101832;161.22;370;9813186182;B
20240312;101832;161.23;20;9813186183;B
20240312;101832;161.23;50;9813186184;B
20240312;101832;161.23;500;9813186185;B
20240312;101832;161.23;1060;9813186186;B
20240312;101832;161.23;1000;9813186189;B
20240312;101832;161.23;440;9813186190;B
20240312;101832;161.24;150;9813186192;B
20240312;101832;161.24;50;9813186193;B
20240312;101832;161.25;10;9813186202;B
20240312;101832;161.25;490;9813186203;B
20240312;101832;161.25;400;9813186205;B
20240312;101833;161.25;60;9813186244;B
20240312;101833;161.25;500;9813186245;B
20240312;101833;161.25;500;9813186246;B
20240312;101833;161.25;500;9813186247;B
20240312;101833;161.26;10;9813186278;B
20240312;101833;161.27;90;9813186279;B
20240312;101833;161.27;180;9813186323;B
20240312;101833;161.27;500;9813186324;B
20240312;101833;161.27;100;9813186325;B
20240312;101833;161.27;200;9813186326;S
20240312;101833;161.28;1000;9813186327;B
20240312;101833;161.28;170;9813186328;B
20240312;101833;161.28;10;9813186329;B
20240312;101833;161.28;20;9813186330;B
20240312;101833;161.28;100;9813186331;B
20240312;101833;161.28;50;9813186332;B
20240312;101833;161.28;450;9813186333;B
20240312;101833;161.28;550;9813186334;B
20240312;101833;161.28;500;9813186335;B
20240312;101833;161.28;100;9813186336;B
20240312;101833;161.28;20;9813186337;B
20240312;101833;161.29;200;9813186338;B
20240312;101833;161.29;110;9813186339;B
20240312;101833;161.29;250;9813186340;B
20240312;101833;161.29;30;9813186341;B
20240312;101833;161.29;810;9813186342;B
20240312;101833;161.29;190;9813186343;B
20240312;101833;161.29;10;9813186344;B
20240312;101833;161.29;100;9813186345;B
20240312;101833;161.3;150;9813186346;B
20240312;101833;161.3;20;9813186347;B
20240312;101833;161.3;10;9813186348;B
20240312;101833;161.3;20;9813186349;B
20240312;101833;161.3;100;9813186350;B
20240312;101833;161.3;10;9813186351;B
20240312;101833;161.3;10;9813186352;B
20240312;101833;161.3;200;9813186353;B
20240312;101833;161.3;500;9813186354;B
20240312;101833;161.3;10;9813186355;B
20240312;101833;161.3;470;9813186356;B
20240312;101833;161.3;530;9813186357;B
20240312;101833;161.3;970;9813186358;B
20240312;101833;161.3;30;9813186359;B
20240312;101833;161.3;10;9813186360;B
20240312;101833;161.3;10;9813186361;B
20240312;101833;161.31;170;9813186362;B
20240312;101833;161.31;820;9813186363;B
20240312;101833;161.31;50;9813186364;B
20240312;101833;161.31;10;9813186365;B
20240312;101833;161.31;200;9813186366;S
20240312;101833;161.32;100;9813186367;B
20240312;101833;161.32;570;9813186368;B
20240312;101833;161.32;100;9813186369;B
20240312;101833;161.32;10;9813186370;B
20240312;101833;161.32;100;9813186371;S
20240312;101833;161.33;100;9813186372;B
20240312;101833;161.33;200;9813186375;B
20240312;101833;161.33;100;9813186381;B
20240312;101833;161.33;790;9813186389;B
20240312;101833;161.33;100;9813186390;B
20240312;101833;161.33;100;9813186391;B
20240312;101833;161.32;400;9813186392;S
20240312;101833;161.33;100;9813186393;B
20240312;101833;161.33;100;9813186405;B
20240312;101833;161.33;100;9813186406;B
20240312;101833;161.33;100;9813186407;B
20240312;101833;161.33;200;9813186411;B
20240312;101833;161.33;10;9813186412;B
20240312;101833;161.33;100;9813186413;B
20240312;101833;161.33;100;9813186424;B
20240312;101833;161.33;10;9813186425;B
20240312;101833;161.32;10;9813186426;S
20240312;101833;161.33;50;9813186427;B
20240312;101833;161.33;10;9813186429;B
20240312;101833;161.33;30;9813186431;B
20240312;101833;161.33;200;9813186432;B
20240312;101833;161.33;40;9813186433;B
20240312;101833;161.33;100;9813186435;B
20240312;101833;161.33;200;9813186436;B
20240312;101833;161.33;100;9813186437;B
20240312;101833;161.33;60;9813186438;B
20240312;101833;161.34;40;9813186439;B
20240312;101833;161.34;230;9813186440;B
20240312;101833;161.34;100;9813186441;B
20240312;101833;161.34;100;9813186442;B
20240312;101833;161.34;100;9813186443;B
20240312;101833;161.34;100;9813186444;B
20240312;101833;161.34;100;9813186447;B
20240312;101833;161.34;200;9813186448;B
20240312;101833;161.34;100;9813186449;B
20240312;101833;161.34;100;9813186450;B
20240312;101833;161.34;100;9813186451;B
20240312;101833;161.34;100;9813186455;B
20240312;101833;161.34;100;9813186456;B
20240312;101833;161.34;200;9813186457;B
20240312;101833;161.34;100;9813186458;B
20240312;101833;161.34;200;9813186460;B
20240312;101833;161.34;100;9813186461;B
20240312;101833;161.34;100;9813186462;B
20240312;101833;161.34;100;9813186463;B
20240312;101833;161.34;100;9813186464;B
20240312;101833;161.34;100;9813186469;B
20240312;101833;161.34;100;9813186470;B
20240312;101833;161.34;200;9813186471;B
20240312;101833;161.34;100;9813186472;B
20240312;101833;161.34;100;9813186475;B
20240312;101833;161.34;100;9813186476;B
20240312;101833;161.34;100;9813186477;B
20240312;101833;161.33;1000;9813186478;S
20240312;101833;161.33;300;9813186479;S
20240312;101833;161.33;2500;9813186480;S
20240312;101833;161.33;800;9813186481;S
20240312;101833;161.33;1000;9813186482;S
20240312;101833;161.33;1000;9813186483;S
20240312;101833;161.33;2400;9813186484;S
20240312;101834;161.34;1830;9813186493;B
20240312;101834;161.34;100;9813186494;B
20240312;101834;161.34;250;9813186495;B
20240312;101834;161.34;20;9813186496;B
20240312;101834;161.35;10;9813186498;B
20240312;101834;161.35;620;9813186499;B
20240312;101834;161.35;10;9813186500;B
20240312;101834;161.35;100;9813186501;B
20240312;101834;161.35;300;9813186503;S
20240312;101834;161.36;50;9813186505;B
20240312;101834;161.36;1150;9813186506;B
20240312;101834;161.36;10;9813186507;B
20240312;101834;161.35;400;9813186548;S
20240312;101834;161.35;10;9813186549;S
20240312;101834;161.35;150;9813186550;S
20240312;101834;161.35;100;9813186561;S
20240312;101834;161.35;100;9813186574;S
20240312;101834;161.36;150;9813186596;B
20240312;101834;161.36;560;9813186598;B
20240312;101834;161.36;210;9813186599;B
20240312;101834;161.36;100;9813186600;B
20240312;101834;161.36;10;9813186601;B
20240312;101834;161.37;20;9813186602;B
20240312;101834;161.37;1000;9813186603;B
20240312;101834;161.37;20;9813186604;B
20240312;101834;161.38;1000;9813186605;B
20240312;101834;161.38;350;9813186606;B
20240312;101834;161.38;10;9813186607;B
20240312;101834;161.38;120;9813186608;B
20240312;101834;161.38;60;9813186609;B
20240312;101834;161.38;20;9813186610;B
20240312;101834;161.38;1520;9813186611;B
20240312;101834;161.38;30;9813186613;B
20240312;101834;161.39;2500;9813186614;B
20240312;101834;161.39;50;9813186615;B
20240312;101834;161.39;500;9813186616;B
20240312;101834;161.39;10;9813186617;B
20240312;101834;161.39;10;9813186618;B
20240312;101834;161.39;10;9813186619;B
20240312;101834;161.4;200;9813186620;B
20240312;101834;161.4;680;9813186621;B
20240312;101834;161.4;260;9813186622;B
20240312;101834;161.4;10;9813186623;B
20240312;101834;161.4;100;9813186624;B
20240312;101834;161.4;100;9813186625;B
20240312;101834;161.4;20;9813186626;B
20240312;101834;161.4;70;9813186627;B
20240312;101834;161.4;50;9813186628;B
20240312;101834;161.4;50;9813186629;B
20240312;101834;161.4;10;9813186630;B
20240312;101834;161.41;370;9813186631;B
20240312;101834;161.39;1000;9813186632;S
20240312;101834;161.4;700;9813186633;S
20240312;101834;161.4;10;9813186634;S
20240312;101834;161.42;300;9813186636;B
20240312;101834;161.41;100;9813186656;S
20240312;101834;161.41;900;9813186659;S
20240312;101834;161.41;800;9813186660;S
20240312;101834;161.42;170;9813186674;B
20240312;101834;161.41;200;9813186682;S
20240312;101834;161.41;130;9813186683;S
20240312;101834;161.41;20;9813186691;S
