<DATE>;<TIME>;<LAST>;<VOL>;<ID>;<OPER>
20240513;095945;155.2;10;10336831819;S
20240513;095945;155.2;10;10336831820;S
20240513;095945;155.2;30;10336831821;S
20240513;095945;155.2;20;10336831822;S
20240513;095945;155.2;40;10336831823;S
20240513;095945;155.2;330;10336831824;S
20240513;095945;155.2;10;10336831825;S
20240513;095945;155.2;750;10336831826;S
20240513;095945;155.2;10;10336831827;S
20240513;095945;155.2;20;10336831828;S
20240513;095945;155.2;10;10336831829;S
20240513;095945;155.2;190;10336831830;S
20240513;095945;155.2;1020;10336831831;S
20240513;095945;155.2;10;10336831832;S
20240513;095945;155.2;1000;10336831833;S
20240513;095945;155.2;100;10336831834;S
20240513;095945;155.2;200;10336831835;B
20240513;095945;155.2;10;10336831836;B
20240513;095945;155.2;10;10336831837;B
20240513;095945;155.2;10;10336831838;B
20240513;095945;155.2;10;10336831839;B
20240513;095945;155.2;1250;10336831840;B
20240513;095945;155.2;2610;10336831841;B
20240513;095945;155.2;10;10336831842;B
20240513;095945;155.2;40;10336831843;S
20240513;095945;155.2;10;10336831844;S
20240513;095945;155.2;10;10336831845;S
20240513;095945;155.2;20;10336831846;S
20240513;095945;155.2;10;10336831847;S
20240513;095945;155.2;30;10336831848;S
20240513;095945;155.2;50;10336831849;S
20240513;095945;155.2;50;10336831850;S
20240513;095945;155.2;20;10336831851;B
20240513;095945;155.2;10;10336831852;S
20240513;095945;155.2;50;10336831853;S
20240513;095945;155.2;10;10336831854;S
20240513;095945;155.2;20;10336831855;B
20240513;095945;155.2;10;10336831856;B
20240513;095945;155.2;20;10336831857;B
20240513;095945;155.2;10;10336831858;B
20240513;095945;155.2;210;10336831859;B
20240513;095945;155.2;250;10336831860;B
20240513;095945;155.2;20;10336831861;B
20240513;095945;155.2;40;10336831862;B
20240513;095945;155.2;1510;10336831863;S
20240513;095945;155.2;10;10336831864;S
20240513;095945;155.2;500;10336831865;B
20240513;095945;155.2;1430;10336831866;S
20240513;095945;155.2;10;10336831867;B
20240513;095945;155.2;10;10336831868;B
20240513;095945;155.2;80;10336831869;B
20240513;095945;155.2;10;10336831870;B
20240513;095945;155.2;10;10336831871;B
20240513;095945;155.2;20;10336831872;B
20240513;095945;155.2;50;10336831873;B
20240513;095945;155.2;50;10336831874;B
20240513;095945;155.2;10;10336831875;B
20240513;095945;155.2;40;10336831876;B
20240513;095945;155.2;10;10336831877;B
20240513;095945;155.2;10;10336831878;B
20240513;095945;155.2;650;10336831879;B
20240513;095945;155.2;10;10336831880;B
20240513;095945;155.2;10;10336831881;B
20240513;095945;155.2;10;10336831882;B
20240513;095945;155.2;100;10336831883;B
20240513;095945;155.2;10;10336831884;B
20240513;095945;155.2;20;10336831885;B
20240513;095945;155.2;10;10336831886;B
20240513;095945;155.2;200;10336831887;B
20240513;095945;155.2;60;10336831888;B
20240513;095945;155.2;10;10336831889;B
20240513;095945;155.2;10;10336831890;B
20240513;095945;155.2;50;10336831891;B
20240513;095945;155.2;10;10336831892;B
20240513;095945;155.2;10;10336831893;B
20240513;095945;155.2;30;10336831894;B
20240513;095945;155.2;70;10336831895;B
20240513;095945;155.2;130;10336831896;B
20240513;095945;155.2;30;10336831897;B
20240513;095945;155.2;10;10336831898;B
20240513;095945;155.2;10;10336831899;B
20240513;095945;155.2;40;10336831900;B
20240513;095945;155.2;30;10336831901;B
20240513;095945;155.2;10;10336831902;B
20240513;095945;155.2;30;10336831903;B
20240513;095945;155.2;100;10336831904;B
20240513;095945;155.2;10;10336831905;B
20240513;095945;155.2;10;10336831906;B
20240513;095945;155.2;10;10336831907;B
20240513;095945;155.2;20;10336831908;B
20240513;095945;155.2;20;10336831909;B
20240513;095945;155.2;10;10336831910;B
20240513;095945;155.2;10;10336831911;B
20240513;095945;155.2;10;10336831912;B
20240513;095945;155.2;20;10336831913;B
20240513;095945;155.2;270;10336831914;B
20240513;095945;155.2;20;10336831915;B
20240513;095945;155.2;10;10336831916;B
20240513;095945;155.2;60;10336831917;B
20240513;095945;155.2;10;10336831918;B
20240513;095945;155.2;100;10336831919;B
20240513;095945;155.2;700;10336831920;B
20240513;095945;155.2;10;10336831921;B
20240513;095945;155.2;130;10336831922;B
20240513;095945;155.2;30;10336831923;B
20240513;095945;155.2;30;10336831924;S
20240513;095945;155.2;30;10336831925;S
20240513;095945;155.2;60;10336831926;S
20240513;095945;155.2;10;10336831927;S
20240513;095945;155.2;10;10336831928;B
20240513;095945;155.2;10;10336831929;B
20240513;095945;155.2;10;10336831930;B
20240513;095945;155.2;100;10336831931;S
20240513;095945;155.2;10;10336831932;S
20240513;095945;155.2;1500;10336831933;B
20240513;095945;155.2;10;10336831934;S
20240513;095945;155.2;500;10336831935;B
20240513;095945;155.2;15000;10336831936;S
20240513;095945;155.2;1000;10336831937;B
20240513;095945;155.2;2500;10336831938;B
20240513;095945;155.2;10;10336831939;B
20240513;095945;155.2;50;10336831940;B
20240513;095945;155.2;500;10336831941;B
20240513;095945;155.2;50;10336831942;B
20240513;095945;155.2;1000;10336831943;B
20240513;095945;155.2;500;10336831944;B
20240513;095945;155.2;30;10336831945;B
20240513;095945;155.2;100;10336831946;B
20240513;095945;155.2;100;10336831947;B
20240513;095945;155.2;50;10336831948;B
20240513;095945;155.2;80;10336831949;B
20240513;095945;155.2;50;10336831950;B
20240513;095945;155.2;100;10336831951;B
20240513;095945;155.2;10;10336831952;B
20240513;095945;155.2;10;10336831953;S
20240513;095945;155.2;10000;10336831954;S
20240513;095945;155.2;10;10336831955;B
20240513;095945;155.2;30;10336831956;S
20240513;095945;155.2;30;10336831957;S
20240513;095945;155.2;30;10336831958;S
20240513;095945;155.2;30;10336831959;S
20240513;095945;155.2;30;10336831960;S
20240513;095945;155.2;30;10336831961;S
20240513;095945;155.2;30;10336831962;S
20240513;095945;155.2;40;10336831963;S
20240513;095945;155.2;150;10336831964;B
20240513;095945;155.2;10;10336831965;B
20240513;095945;155.2;100;10336831966;B
20240513;095945;155.2;50;10336831967;B
20240513;095945;155.2;50;10336831968;B
20240513;095945;155.2;40;10336831969;S
20240513;095945;155.2;10;10336831970;B
20240513;095945;155.2;1000;10336831971;B
20240513;095945;155.2;50;10336831972;B
20240513;095945;155.2;50;10336831973;B
20240513;095945;155.2;5000;10336831974;B
20240513;095945;155.2;10;10336831975;B
20240513;095945;155.2;500;10336831976;S
20240513;095945;155.2;360;10336831977;B
20240513;095945;155.2;10;10336831978;B
20240513;095945;155.2;2600;10336831979;B
20240513;095945;155.2;20;10336831980;B
20240513;095945;155.2;10000;10336831981;B
20240513;095945;155.2;100;10336831982;B
20240513;095945;155.2;10;10336831983;B
20240513;095945;155.2;4000;10336831984;S
20240513;095945;155.2;100;10336831985;B
20240513;095945;155.2;10;10336831986;B
20240513;095945;155.2;100;10336831987;B
20240513;095945;155.2;100;10336831988;B
20240513;095945;155.2;50;10336831989;B
20240513;095945;155.2;100;10336831990;B
20240513;095945;155.2;30100;10336831991;B
20240513;095945;155.2;40;10336831992;B
20240513;095945;155.2;19860;10336831993;B
20240513;095945;155.2;10;10336831994;B
20240513;095945;155.2;100;10336831995;B
20240513;095945;155.2;10;10336831996;B
20240513;095945;155.2;10;10336831997;B
20240513;095945;155.2;10;10336831998;B
20240513;095945;155.2;50;10336831999;B
20240513;095945;155.2;10;10336832000;B
20240513;095945;155.2;10;10336832001;B
20240513;095945;155.2;3000;10336832002;B
20240513;095945;155.2;10;10336832003;B
20240513;095945;155.2;1990;10336832004;B
20240513;095945;155.2;20;10336832005;S
20240513;095945;155.2;10;10336832006;S
20240513;095945;155.2;1910;10336832007;B
20240513;095945;155.2;10;10336832008;B
20240513;095945;155.2;1000;10336832009;B
20240513;095945;155.2;500;10336832010;B
20240513;095945;155.2;1000;10336832011;B
20240513;095945;155.2;100;10336832012;B
20240513;095945;155.2;10;10336832013;B
20240513;095945;155.2;60;10336832014;B
20240513;095945;155.2;10;10336832015;B
20240513;095945;155.2;60;10336832016;B
20240513;095945;155.2;10;10336832017;B
20240513;095945;155.2;100;10336832018;B
20240513;095945;155.2;20;10336832019;B
20240513;095945;155.2;10;10336832020;B
20240513;095945;155.2;90;10336832021;B
20240513;095945;155.2;50;10336832022;B
20240513;095945;155.2;20;10336832023;B
20240513;095945;155.2;1000;10336832024;B
20240513;095945;155.2;10;10336832025;B
20240513;095945;155.2;10;10336832026;B
20240513;095945;155.2;10;10336832027;B
20240513;095945;155.2;150;10336832028;B
20240513;095945;155.2;10;10336832029;B
20240513;095945;155.2;50;10336832030;B
20240513;095945;155.2;2000;10336832031;B
20240513;095945;155.2;20;10336832032;B
20240513;095945;155.2;10;10336832033;B
20240513;095945;155.2;60;10336832034;B
20240513;095945;155.2;100;10336832035;B
20240513;095945;155.2;40;10336832036;B
20240513;095945;155.2;500;10336832037;B
20240513;095945;155.2;650;10336832038;B
20240513;095945;155.2;10;10336832039;B
20240513;095945;155.2;20;10336832040;B
20240513;095945;155.2;110;10336832041;B
20240513;095945;155.2;150;10336832042;B
20240513;095945;155.2;3600;10336832043;B
20240513;095945;155.2;50;10336832044;B
20240513;095945;155.2;10;10336832045;B
20240513;095945;155.2;40;10336832046;B
20240513;095945;155.2;10;10336832047;B
20240513;095945;155.2;250;10336832048;B
20240513;095945;155.2;50;10336832049;B
20240513;095945;155.2;10;10336832050;B
20240513;095945;155.2;220;10336832051;B
20240513;095945;155.2;10;10336832052;B
20240513;095945;155.2;300;10336832053;B
20240513;095945;155.2;200;10336832054;B
20240513;095945;155.2;20;10336832055;B
20240513;095945;155.2;10;10336832056;B
20240513;095945;155.2;360;10336832057;B
20240513;095945;155.2;320;10336832058;B
20240513;095945;155.2;40;10336832059;S
20240513;095945;155.2;10;10336832060;S
20240513;095945;155.2;1000;10336832061;S
20240513;095945;155.2;10;10336832062;S
20240513;095945;155.2;20;10336832063;S
20240513;095945;155.2;30;10336832064;B
20240513;095945;155.2;1000;10336832065;B
20240513;095945;155.2;20;10336832066;B
20240513;095945;155.2;160;10336832067;B
20240513;095945;155.2;30;10336832068;B
20240513;095945;155.2;1000;10336832069;B
20240513;095945;155.2;10;10336832070;B
20240513;095945;155.2;100;10336832071;B
20240513;095945;155.2;60;10336832072;B
20240513;095945;155.2;10;10336832073;B
20240513;095945;155.2;130;10336832074;B
20240513;095945;155.2;100;10336832075;B
20240513;095945;155.2;100;10336832076;B
20240513;095945;155.2;100;10336832077;B
20240513;095945;155.2;200;10336832078;B
20240513;095945;155.2;10;10336832079;B
20240513;095945;155.2;10;10336832080;B
20240513;095945;155.2;30;10336832081;B
20240513;095945;155.2;10;10336832082;B
20240513;095945;155.2;20;10336832083;B
20240513;095945;155.2;10;10336832084;B
20240513;095945;155.2;10;10336832085;B
20240513;095945;155.2;100;10336832086;B
20240513;095945;155.2;500;10336832087;B
20240513;095945;155.2;4740;10336832088;B
20240513;095945;155.2;10;10336832089;B
20240513;095945;155.2;30;10336832090;B
20240513;095945;155.2;10;10336832091;B
20240513;095945;155.2;1210;10336832092;B
20240513;095945;155.2;10;10336832093;B
20240513;095945;155.2;350;10336832094;B
20240513;095945;155.2;150;10336832095;B
20240513;095945;155.2;30;10336832096;B
20240513;095945;155.2;130;10336832097;B
20240513;095945;155.2;10;10336832098;B
20240513;095945;155.2;100;10336832099;B
20240513;095945;155.2;10;10336832100;B
20240513;095945;155.2;10;10336832101;B
20240513;095945;155.2;10;10336832102;B
20240513;095945;155.2;30;10336832103;B
20240513;095945;155.2;390;10336832104;B
20240513;095945;155.2;20;10336832105;B
20240513;095945;155.2;10;10336832106;B
20240513;095945;155.2;500;10336832107;B
20240513;095945;155.2;20;10336832108;B
20240513;095945;155.2;30;10336832109;B
20240513;095945;155.2;10;10336832110;B
20240513;095945;155.2;10;10336832111;B
20240513;095945;155.2;10;10336832112;B
20240513;095945;155.2;10;10336832113;B
20240513;095945;155.2;40;10336832114;B
20240513;095945;155.2;40;10336832115;B
20240513;095945;155.2;50;10336832116;B
20240513;095945;155.2;10;10336832117;B
20240513;095945;155.2;10;10336832118;B
20240513;095945;155.2;20;10336832119;B
20240513;095945;155.2;10;10336832120;B
20240513;095945;155.2;10;10336832121;B
20240513;095945;155.2;10;10336832122;B
20240513;095945;155.2;10;10336832123;B
20240513;095945;155.2;10;10336832124;B
20240513;095945;155.2;10;10336832125;B
20240513;095945;155.2;10;10336832126;B
20240513;095945;155.2;10;10336832127;B
20240513;095945;155.2;200;10336832128;B
20240513;095945;155.2;280;10336832129;B
20240513;095945;155.2;120;10336832130;B
20240513;095945;155.2;10;10336832131;B
20240513;095945;155.2;20;10336832132;B
20240513;095945;155.2;10;10336832133;B
20240513;095945;155.2;100;10336832134;B
20240513;095945;155.2;100;10336832135;B
20240513;095945;155.2;100;10336832136;B
20240513;095945;155.2;40;10336832137;B
20240513;095945;155.2;10;10336832138;S
20240513;095945;155.2;10;10336832139;B
20240513;095945;155.2;480;10336832140;B
20240513;095945;155.2;100;10336832141;B
20240513;095945;155.2;10;10336832142;B
20240513;095945;155.2;10;10336832143;S
20240513;095945;155.2;20;10336832144;S
20240513;095945;155.2;380;10336832145;S
20240513;095945;155.2;1000;10336832146;S
20240513;095945;155.2;20;10336832147;S
20240513;100000;155.19;1000;10336839011;S
20240513;100000;155.19;30;10336839972;S
20240513;100001;155.19;100;10336840346;S
20240513;100001;155.19;70;10336840353;S
20240513;100001;155.19;30;10336840354;S
20240513;100001;155.19;800;10336840365;S
20240513;100001;155.19;100;10336840438;S
20240513;100001;155.2;10;10336840685;B
20240513;100001;155.2;500;10336840734;B
20240513;100001;155.2;510;10336840777;B
20240513;100001;155.19;1100;10336840814;S
20240513;100001;155.19;700;10336840815;S
20240513;100001;155.2;100;10336840853;B
20240513;100001;155.2;70;10336840860;B
20240513;100001;155.2;120;10336840862;B
20240513;100001;155.19;2000;10336841078;S
20240513;100001;155.19;2000;10336841079;S
20240513;100001;155.19;300;10336841080;S
20240513;100001;155.18;250;10336841081;S
20240513;100001;155.17;250;10336841082;S
20240513;100001;155.17;200;10336841083;S
20240513;100001;155.2;50;10336841161;B
20240513;100001;155.19;10;10336841197;S
20240513;100001;155.19;1510;10336841220;S
20240513;100001;155.2;300;10336841233;B
20240513;100001;155.2;60;10336841312;B
20240513;100001;155.19;10;10336841324;S
20240513;100001;155.2;500;10336841360;B
20240513;100001;155.2;1300;10336841423;B
20240513;100001;155.2;80;10336841505;B
20240513;100001;155.2;60;10336841506;B
20240513;100002;155.21;10;10336841761;B
20240513;100002;155.21;90;10336841762;B
20240513;100002;155.19;10;10336841775;S
20240513;100002;155.21;20;10336841891;B
20240513;100002;155.19;100;10336841958;S
20240513;100002;155.19;30;10336842037;S
20240513;100002;155.19;60;10336842051;S
20240513;100002;155.21;10;10336842132;B
20240513;100002;155.19;270;10336842318;S
20240513;100002;155.18;250;10336842319;S
20240513;100002;155.17;50;10336842321;S
20240513;100002;155.18;2000;10336842323;B
20240513;100002;155.17;200;10336842472;S
20240513;100002;155.17;2000;10336842473;S
20240513;100002;155.17;2000;10336842474;S
20240513;100002;155.16;250;10336842475;S
20240513;100002;155.16;300;10336842476;S
20240513;100002;155.16;2000;10336842485;B
20240513;100002;155.15;100;10336842651;B
20240513;100002;155.14;1000;10336842670;S
20240513;100002;155.14;50;10336842703;S
20240513;100002;155.14;950;10336842706;S
20240513;100002;155.13;50;10336842707;S
20240513;100002;155.13;1000;10336842747;S
20240513;100002;155.13;130;10336842758;S
20240513;100002;155.13;100;10336842763;S
20240513;100002;155.13;770;10336842764;S
20240513;100002;155.12;500;10336842765;S
20240513;100002;155.12;250;10336842766;S
20240513;100002;155.11;1480;10336842767;S
20240513;100002;155.14;10;10336842824;S
20240513;100002;155.15;1520;10336842899;B
20240513;100002;155.15;480;10336842900;B
20240513;100002;155.14;10;10336842907;S
20240513;100002;155.15;690;10336842966;B
20240513;100002;155.15;1620;10336842967;B
20240513;100002;155.16;1660;10336842968;B
20240513;100002;155.12;130;10336842995;S
20240513;100002;155.11;120;10336842996;S
20240513;100002;155.13;60;10336843051;B
20240513;100002;155.12;10;10336843054;S
20240513;100002;155.12;100;10336843060;S
20240513;100002;155.13;100;10336843102;B
20240513;100002;155.12;30;10336843129;S
20240513;100002;155.11;70;10336843130;S
20240513;100002;155.12;30;10336843142;S
20240513;100003;155.13;100;10336843194;B
20240513;100003;155.11;100;10336843217;S
20240513;100003;155.11;300;10336843242;S
20240513;100003;155.11;630;10336843280;S
20240513;100003;155.11;10;10336843288;S
20240513;100003;155.11;10;10336843304;S
20240513;100003;155.11;10;10336843317;S
20240513;100003;155.13;910;10336843319;B
20240513;100003;155.13;90;10336843320;B
20240513;100003;155.11;80;10336843412;S
20240513;100003;155.11;20;10336843448;S
20240513;100003;155.12;110;10336843449;B
20240513;100003;155.11;10;10336843451;S
20240513;100003;155.13;10;10336843467;B
20240513;100003;155.13;300;10336843580;B
20240513;100003;155.11;40;10336843581;S
20240513;100003;155.15;100;10336843600;B
20240513;100003;155.11;100;10336843664;S
20240513;100003;155.11;20;10336843762;S
20240513;100003;155.11;10;10336843763;S
20240513;100003;155.11;10;10336843796;S
20240513;100003;155.15;10;10336843803;B
20240513;100003;155.11;980;10336843821;S
20240513;100003;155.11;250;10336843822;S
20240513;100003;155.11;20;10336843823;S
20240513;100003;155.11;320;10336843824;S
20240513;100003;155.11;300;10336843825;S
20240513;100003;155.1;20;10336843826;S
20240513;100003;155.1;3110;10336843827;S
20240513;100003;155.11;10;10336843842;S
20240513;100003;155.11;240;10336843848;S
20240513;100003;155.1;80;10336843849;S
20240513;100003;155.11;10;10336843863;S
20240513;100003;155.11;200;10336843902;S
20240513;100003;155.15;20;10336843920;B
20240513;100003;155.1;10;10336844307;S
20240513;100003;155.1;30;10336844318;S
20240513;100003;155.15;70;10336844328;B
20240513;100003;155.1;50;10336844372;S
20240513;100004;155.15;500;10336844435;B
20240513;100004;155.15;50;10336844519;B
20240513;100004;155.1;60;10336844587;S
20240513;100004;155.15;10;10336844698;B
20240513;100004;155.15;10;10336845221;B
20240513;100004;155.15;850;10336845320;B
20240513;100004;155.15;1170;10336845321;B
20240513;100004;155.15;300;10336845322;B
20240513;100004;155.16;1080;10336845323;B
20240513;100004;155.1;10;10336845401;S
20240513;100005;155.13;40;10336845508;B
20240513;100005;155.13;50;10336845510;B
20240513;100005;155.13;10;10336845550;B
20240513;100005;155.13;10;10336845650;B
20240513;100005;155.1;50;10336845712;S
20240513;100005;155.13;700;10336845878;B
20240513;100005;155.12;70;10336846321;B
20240513;100005;155.12;100;10336846363;B
20240513;100005;155.12;10;10336846374;B
20240513;100005;155.12;10;10336846377;B
20240513;100005;155.12;10;10336846382;B
20240513;100005;155.12;10;10336846387;B
20240513;100005;155.12;20;10336846399;B
20240513;100005;155.1;40;10336846402;S
20240513;100005;155.12;20;10336846411;B
20240513;100005;155.1;10;10336846417;S
20240513;100005;155.1;20;10336846432;S
20240513;100005;155.12;10;10336846437;B
20240513;100005;155.12;10;10336846476;B
20240513;100005;155.12;20;10336846482;B
20240513;100005;155.1;180;10336846531;S
20240513;100005;155.15;10;10336846783;B
20240513;100005;155.15;10;10336846798;B
20240513;100005;155.15;10;10336846804;B
20240513;100005;155.15;10;10336846818;B
20240513;100005;155.1;30;10336846824;S
20240513;100005;155.15;10;10336846830;B
20240513;100005;155.15;10;10336846837;B
20240513;100005;155.15;10;10336846843;B
20240513;100005;155.1;10;10336846845;S
20240513;100005;155.15;10;10336846854;B
20240513;100005;155.1;10;10336846876;S
20240513;100005;155.15;10;10336846896;B
20240513;100005;155.1;10;10336846899;S
20240513;100005;155.15;10;10336846910;B
20240513;100005;155.1;10;10336846921;S
20240513;100005;155.15;10;10336846941;B
20240513;100005;155.1;10;10336846957;S
20240513;100005;155.15;20;10336847010;B
20240513;100005;155.1;100;10336847230;S
20240513;100005;155.15;10;10336847254;B
20240513;100005;155.1;10;10336847306;S
20240513;100005;155.15;10;10336847317;B
20240513;100005;155.15;10;10336847324;B
20240513;100005;155.15;90;10336847337;B
20240513;100006;155.15;1370;10336848191;B
20240513;100006;155.15;1130;10336848192;B
20240513;100006;155.1;10;10336848337;S
20240513;100006;155.1;10;10336848345;S
20240513;100006;155.14;10;10336848356;B
20240513;100006;155.1;30;10336848364;S
20240513;100006;155.14;20;10336848371;B
20240513;100006;155.14;10;10336848381;B
20240513;100006;155.1;10;10336848386;S
20240513;100006;155.14;10;10336848391;B
20240513;100006;155.1;130;10336848400;S
20240513;100006;155.14;10;10336848407;B
20240513;100006;155.14;10;10336848419;B
20240513;100006;155.1;10;10336848425;S
20240513;100006;155.14;10;10336848441;B
20240513;100006;155.1;10;10336848450;S
20240513;100006;155.1;60;10336848458;S
20240513;100006;155.1;40;10336848459;S
20240513;100006;155.14;100;10336848464;B
20240513;100006;155.1;10;10336848575;S
20240513;100006;155.14;10;10336848578;B
20240513;100006;155.14;100;10336848581;B
20240513;100006;155.14;10;10336848585;B
20240513;100006;155.14;10;10336848588;B
20240513;100006;155.14;10;10336848589;B
20240513;100006;155.1;20;10336848593;S
20240513;100006;155.09;60;10336848594;S
20240513;100006;155.09;10;10336848597;S
20240513;100006;155.09;10;10336848599;S
20240513;100006;155.09;10;10336848600;S
20240513;100006;155.14;10;10336848601;B
20240513;100006;155.09;70;10336848606;S
20240513;100006;155.14;10;10336848609;B
20240513;100006;155.09;10;10336848610;S
20240513;100006;155.14;10;10336848611;B
20240513;100006;155.14;10;10336848616;B
20240513;100006;155.14;50;10336848634;B
20240513;100006;155.14;90;10336848637;B
20240513;100006;155.14;100;10336849000;B
20240513;100006;155.14;10;10336849355;B
20240513;100006;155.14;10;10336849358;B
20240513;100006;155.14;10;10336849361;B
20240513;100006;155.14;10;10336849363;B
20240513;100006;155.14;20;10336849366;B
20240513;100006;155.14;40;10336849367;B
20240513;100006;155.14;10;10336849369;B
20240513;100006;155.14;10;10336849373;B
20240513;100006;155.09;40;10336849376;S
20240513;100006;155.14;10;10336849379;B
20240513;100006;155.09;10;10336849383;S
20240513;100006;155.09;10;10336849389;S
20240513;100006;155.09;10;10336849393;S
20240513;100006;155.09;50;10336849616;S
20240513;100006;155.14;10;10336849678;B
20240513;100006;155.09;10;10336850027;S
20240513;100006;155.09;10;10336850028;S
20240513;100006;155.14;10;10336850031;B
20240513;100006;155.14;10;10336850033;B
20240513;100006;155.09;20;10336850034;S
20240513;100006;155.14;10;10336850037;B
20240513;100006;155.09;10;10336850038;S
20240513;100006;155.14;20;10336850040;B
20240513;100006;155.09;10;10336850043;S
20240513;100006;155.14;10;10336850046;B
20240513;100006;155.14;10;10336850048;B
20240513;100006;155.14;30;10336850050;B
20240513;100006;155.09;20;10336850052;S
20240513;100006;155.15;10;10336850055;B
20240513;100006;155.09;10;10336850058;S
20240513;100006;155.09;10;10336850255;S
20240513;100006;155.13;10;10336850576;B
20240513;100006;155.13;10;10336850578;B
20240513;100006;155.15;30;10336850579;B
20240513;100006;155.15;10;10336850580;B
20240513;100006;155.15;10;10336850581;B
20240513;100006;155.09;20;10336850582;S
20240513;100006;155.15;10;10336850583;B
20240513;100006;155.15;60;10336850584;B
20240513;100006;155.15;10;10336850585;B
20240513;100006;155.15;10;10336850586;B
20240513;100006;155.09;20;10336850587;S
20240513;100006;155.15;10;10336850588;B
20240513;100006;155.09;20;10336850589;S
20240513;100006;155.15;10;10336850590;B
20240513;100007;155.15;10;10336851138;B
20240513;100007;155.15;10;10336851156;B
20240513;100007;155.15;10;10336851159;B
20240513;100007;155.09;20;10336851161;S
20240513;100007;155.09;10;10336851169;S
20240513;100007;155.09;30;10336851172;S
20240513;100007;155.15;10;10336851173;B
20240513;100007;155.15;20;10336851174;B
20240513;100007;155.09;10;10336851178;S
20240513;100007;155.15;10;10336851181;B
20240513;100007;155.15;10;10336851182;B
20240513;100007;155.15;10;10336851184;B
20240513;100007;155.15;30;10336851186;B
20240513;100007;155.15;20;10336851188;B
20240513;100007;155.1;20;10336851266;B
20240513;100007;155.15;20;10336851267;B
20240513;100007;155.08;300;10336851438;S
20240513;100007;155.08;700;10336851439;S
20240513;100007;155.15;1000;10336851667;B
20240513;100007;155.15;100;10336851668;B
20240513;100007;155.14;20;10336851713;S
20240513;100007;155.14;40;10336851795;S
20240513;100007;155.15;10;10336851978;B
20240513;100007;155.15;100;10336851979;B
20240513;100007;155.15;10;10336851981;B
20240513;100007;155.15;20;10336851982;B
20240513;100007;155.15;20;10336851983;B
20240513;100007;155.15;10;10336851984;B
20240513;100007;155.16;640;10336851986;B
20240513;100007;155.16;10;10336851987;B
20240513;100007;155.16;10;10336851989;B
20240513;100007;155.15;10;10336851990;S
20240513;100007;155.16;10;10336851991;B
20240513;100007;155.16;10;10336851992;B
20240513;100007;155.16;10;10336851994;B
20240513;100007;155.16;20;10336851996;B
20240513;100007;155.14;10;10336852311;S
20240513;100008;155.15;10;10336853353;B
20240513;100008;155.15;20;10336853671;B
20240513;100008;155.14;10;10336853676;S
20240513;100008;155.16;100;10336853685;B
20240513;100008;155.16;10;10336853690;B
20240513;100008;155.16;10;10336853695;B
20240513;100008;155.16;20;10336853696;B
20240513;100008;155.16;10;10336853701;B
20240513;100008;155.16;10;10336853706;B
20240513;100008;155.16;20;10336853710;B
20240513;100008;155.16;10;10336853715;B
20240513;100008;155.16;10;10336853730;B
20240513;100008;155.16;10;10336853731;B
20240513;100008;155.14;10;10336853739;S
20240513;100008;155.14;10;10336853743;S
20240513;100008;155.16;10;10336853748;B
20240513;100008;155.16;250;10336853749;B
20240513;100008;155.16;10;10336853752;B
20240513;100008;155.16;10;10336853753;B
20240513;100008;155.14;10;10336853756;S
20240513;100008;155.16;10;10336853762;B
20240513;100008;155.16;50;10336853770;B
20240513;100008;155.16;10;10336853774;B
20240513;100008;155.14;10;10336853778;S
20240513;100008;155.16;10;10336853783;B
20240513;100008;155.14;10;10336853788;S
20240513;100008;155.16;190;10336853789;B
20240513;100008;155.14;30;10336853790;S
20240513;100008;155.16;10;10336853793;B
20240513;100008;155.16;10;10336853798;B
20240513;100008;155.16;30;10336853799;B
20240513;100008;155.16;10;10336853800;B
20240513;100008;155.16;10;10336853812;B
20240513;100008;155.16;10;10336853813;B
20240513;100008;155.14;10;10336853814;S
20240513;100008;155.16;10;10336853818;B
20240513;100008;155.16;40;10336853821;B
20240513;100008;155.14;20;10336853824;S
20240513;100008;155.14;10;10336853827;S
20240513;100008;155.16;10;10336853829;B
20240513;100008;155.16;10;10336853832;B
20240513;100008;155.14;10;10336853836;S
20240513;100008;155.14;10;10336853838;S
20240513;100008;155.14;10;10336853842;S
20240513;100008;155.16;10;10336853845;B
20240513;100008;155.16;10;10336853847;B
20240513;100008;155.16;10;10336853848;B
20240513;100008;155.14;10;10336853852;S
20240513;100008;155.16;10;10336853853;B
20240513;100008;155.16;20;10336853854;B
20240513;100008;155.14;40;10336853857;S
20240513;100008;155.14;10;10336853863;S
20240513;100008;155.16;70;10336853864;B
20240513;100008;155.16;10;10336853866;B
20240513;100008;155.16;10;10336853872;B
20240513;100008;155.14;10;10336853874;S
20240513;100008;155.16;10;10336853876;B
20240513;100008;155.16;10;10336853882;B
20240513;100008;155.14;30;10336853934;S
20240513;100008;155.16;50;10336853951;B
20240513;100008;155.16;320;10336853952;B
20240513;100008;155.16;10;10336853957;B
20240513;100008;155.14;30;10336853958;S
20240513;100008;155.16;10;10336853962;B
20240513;100008;155.16;10;10336853968;B
20240513;100008;155.16;10;10336853987;B
20240513;100008;155.16;10;10336854137;B
20240513;100008;155.16;10;10336854153;B
20240513;100008;155.16;10;10336854804;B
20240513;100008;155.16;10;10336854840;B
20240513;100008;155.16;10;10336854849;B
20240513;100008;155.14;10;10336854861;S
20240513;100008;155.14;10;10336854876;S
20240513;100008;155.16;10;10336854883;B
20240513;100008;155.16;10;10336854893;B
20240513;100008;155.14;20;10336854902;S
20240513;100008;155.16;10;10336854916;B
20240513;100008;155.14;10;10336854927;S
20240513;100008;155.16;10;10336854939;B
20240513;100008;155.16;10;10336854959;B
20240513;100008;155.14;10;10336854995;S
20240513;100008;155.14;10;10336855006;S
20240513;100008;155.16;10;10336855010;B
20240513;100008;155.16;10;10336855017;B
20240513;100008;155.16;10;10336855028;B
20240513;100008;155.16;100;10336855037;B
20240513;100008;155.16;10;10336855048;B
20240513;100008;155.16;10;10336855467;B
20240513;100008;155.16;10;10336855479;B
20240513;100008;155.16;10;10336855499;B
20240513;100008;155.16;10;10336855520;B
20240513;100008;155.16;10;10336855533;B
20240513;100008;155.14;10;10336855559;S
20240513;100008;155.14;20;10336855586;S
20240513;100008;155.16;10;10336855665;B
20240513;100008;155.16;10;10336855667;B
20240513;100008;155.14;10;10336855686;S
20240513;100008;155.14;10;10336855698;S
20240513;100008;155.15;10;10336855708;B
20240513;100008;155.15;10;10336855718;B
20240513;100008;155.15;10;10336855726;B
20240513;100008;155.15;30;10336855727;B
20240513;100008;155.15;10;10336855739;B
20240513;100008;155.14;20;10336855752;S
20240513;100008;155.14;10;10336855756;S
20240513;100008;155.14;490;10336855768;S
20240513;100008;155.15;10;10336855770;B
20240513;100008;155.15;10;10336855784;B
20240513;100008;155.15;10;10336855789;B
20240513;100008;155.14;200;10336855798;S
20240513;100008;155.15;40;10336855808;B
20240513;100008;155.15;10;10336855809;B
20240513;100008;155.15;20;10336855811;B
20240513;100008;155.15;10;10336855812;B
20240513;100008;155.15;60;10336855813;B
20240513;100008;155.15;10;10336855814;B
20240513;100008;155.15;10;10336855815;B
20240513;100008;155.15;10;10336855816;B
20240513;100008;155.15;10;10336855817;B
20240513;100008;155.15;10;10336855840;B
20240513;100009;155.15;10;10336855999;B
20240513;100009;155.15;10;10336856009;B
20240513;100009;155.15;10;10336856026;B
20240513;100009;155.14;10;10336856049;S
20240513;100009;155.15;10;10336856061;B
20240513;100009;155.15;10;10336856072;B
20240513;100009;155.15;10;10336856082;B
20240513;100009;155.15;20;10336856094;B
20240513;100009;155.15;20;10336856101;B
20240513;100009;155.15;10;10336856116;B
20240513;100009;155.14;810;10336856130;S
20240513;100009;155.14;2000;10336856131;S
20240513;100009;155.13;1070;10336856132;S
20240513;100009;155.12;300;10336856133;S
20240513;100009;155.09;250;10336856134;S
20240513;100009;155.08;750;10336856135;S
20240513;100009;155.15;200;10336856220;B
20240513;100009;155.15;10;10336856558;B
20240513;100009;155.14;10;10336856572;S
20240513;100009;155.15;10;10336856580;B
20240513;100009;155.14;10;10336856662;S
20240513;100009;155.14;10;10336856674;S
20240513;100009;155.14;10;10336856694;S
20240513;100009;155.14;20;10336856701;S
20240513;100009;155.14;10;10336856702;S
20240513;100009;155.15;10;10336856709;B
20240513;100009;155.14;20;10336856717;S
20240513;100009;155.15;70;10336856734;B
20240513;100009;155.14;150;10336856741;S
20240513;100009;155.15;100;10336857468;B
20240513;100009;155.14;10;10336857633;S
20240513;100009;155.14;10;10336857991;S
20240513;100009;155.14;60;10336858004;S
20240513;100009;155.15;1420;10336858120;B
20240513;100009;155.15;800;10336858121;B
20240513;100010;155.15;10;10336858398;B
20240513;100010;155.14;40;10336858405;S
20240513;100010;155.14;30;10336858409;S
20240513;100010;155.15;10;10336858415;B
20240513;100010;155.15;10;10336858419;B
20240513;100010;155.15;20;10336858422;B
20240513;100010;155.14;20;10336858424;S
20240513;100010;155.15;100;10336858432;B
20240513;100010;155.15;20;10336858438;B
20240513;100010;155.14;50;10336858441;S
20240513;100010;155.15;10;10336858447;B
20240513;100010;155.14;10;10336858453;S
20240513;100010;155.15;10;10336858454;B
20240513;100010;155.14;10;10336858458;S
20240513;100010;155.14;10;10336858460;S
20240513;100010;155.14;10;10336858464;S
20240513;100010;155.14;10;10336858469;S
20240513;100010;155.15;10;10336858471;B
20240513;100010;155.14;10;10336858475;S
20240513;100010;155.15;10;10336858478;B
20240513;100010;155.14;10;10336858485;S
20240513;100010;155.15;10;10336858487;B
20240513;100010;155.15;10;10336858489;B
20240513;100010;155.15;30;10336858494;B
20240513;100010;155.15;10;10336858500;B
20240513;100010;155.15;10;10336858503;B
20240513;100010;155.15;20;10336858591;B
20240513;100010;155.15;100;10336858660;B
20240513;100010;155.15;1630;10336858685;B
20240513;100010;155.15;10;10336858686;B
20240513;100010;155.15;860;10336858687;B
20240513;100010;155.16;100;10336858843;B
20240513;100010;155.14;1470;10336858992;S
20240513;100010;155.14;10;10336859011;B
20240513;100010;155.14;10;10336859094;B
20240513;100011;155.16;100;10336859329;B
20240513;100011;155.16;100;10336859376;B
20240513;100011;155.16;100;10336859386;B
20240513;100011;155.16;300;10336859452;B
20240513;100011;155.13;10;10336859468;S
20240513;100011;155.16;100;10336859500;B
20240513;100011;155.16;100;10336859502;B
20240513;100011;155.16;10;10336859523;B
20240513;100011;155.16;270;10336859588;B
20240513;100011;155.16;100;10336859623;B
20240513;100011;155.16;100;10336859625;B
20240513;100011;155.16;100;10336859672;B
20240513;100011;155.16;100;10336859673;B
20240513;100011;155.16;100;10336859674;B
20240513;100012;155.15;20;10336860057;S
20240513;100012;155.15;70;10336860087;S
20240513;100013;155.16;500;10336860277;B
20240513;100013;155.15;1910;10336860324;S
20240513;100013;155.15;1260;10336860325;S
20240513;100013;155.13;1830;10336860326;S
20240513;100013;155.14;540;10336860529;S
20240513;100014;155.15;140;10336860588;B
20240513;100014;155.14;1460;10336860594;S
20240513;100014;155.16;10;10336860652;B
20240513;100014;155.13;10;10336860727;S
20240513;100014;155.16;10;10336860859;B
20240513;100015;155.16;150;10336860970;B
20240513;100015;155.15;10;10336861285;S
20240513;100016;155.16;10;10336861397;B
20240513;100016;155.15;10;10336861543;S
20240513;100017;155.15;10;10336861910;S
20240513;100017;155.15;490;10336861958;S
20240513;100017;155.16;250;10336861963;B
20240513;100018;155.16;130;10336862124;B
20240513;100018;155.15;1480;10336862407;S
20240513;100018;155.15;2000;10336862410;B
20240513;100019;155.15;200;10336862492;S
20240513;100019;155.15;40;10336862555;S
20240513;100019;155.15;1570;10336862589;S
20240513;100019;155.15;100;10336862617;S
20240513;100019;155.15;90;10336862711;S
20240513;100019;155.15;110;10336862712;B
20240513;100019;155.15;300;10336862775;S
20240513;100020;155.15;20;10336862963;S
20240513;100020;155.15;1320;10336863013;S
20240513;100020;155.16;30;10336863016;B
20240513;100020;155.15;20;10336863070;S
20240513;100021;155.16;100;10336863193;B
20240513;100021;155.15;230;10336863327;S
20240513;100021;155.15;70;10336863328;S
20240513;100021;155.16;20;10336863511;B
20240513;100021;155.16;30;10336863512;B
20240513;100021;155.16;1000;10336863519;B
20240513;100023;155.15;2000;10336864001;S
20240513;100023;155.16;10;10336864301;B
20240513;100025;155.15;2930;10336864860;S
20240513;100025;155.15;1070;10336864861;S
20240513;100025;155.16;100;10336865059;B
20240513;100026;155.16;1000;10336865289;B
20240513;100026;155.15;10;10336865310;S
20240513;100026;155.15;20;10336865346;S
20240513;100027;155.15;440;10336865617;S
20240513;100027;155.16;490;10336865774;B
20240513;100028;155.15;1060;10336866003;S
20240513;100028;155.15;50;10336866004;S
20240513;100028;155.14;20;10336866014;S
20240513;100029;155.14;1980;10336866157;S
20240513;100029;155.14;20;10336866387;B
20240513;100029;155.14;50;10336866388;B
20240513;100029;155.15;930;10336866389;B
20240513;100030;155.14;300;10336866562;B
20240513;100030;155.14;200;10336866563;B
20240513;100030;155.14;10;10336866873;B
20240513;100030;155.14;250;10336866914;B
20240513;100031;155.13;20;10336867088;S
20240513;100031;155.09;80;10336867089;S
20240513;100031;155.13;20;10336867201;B
20240513;100031;155.1;20;10336867347;S
20240513;100033;155.13;50;10336867713;B
20240513;100033;155.14;1160;10336867714;B
20240513;100033;155.14;1170;10336867715;B
20240513;100033;155.14;2420;10336867716;B
20240513;100033;155.14;300;10336867717;B
20240513;100033;155.15;960;10336867718;B
20240513;100033;155.15;630;10336867719;B
20240513;100033;155.15;2000;10336867720;B
20240513;100033;155.15;10;10336867721;B
20240513;100033;155.15;1300;10336867722;B
20240513;100033;155.1;70;10336867762;S
20240513;100033;155.14;10;10336867765;B
20240513;100033;155.14;100;10336867786;B
20240513;100033;155.14;10;10336867789;B
20240513;100033;155.14;100;10336867790;B
20240513;100033;155.15;100;10336867791;B
20240513;100033;155.15;100;10336867916;B
20240513;100033;155.15;100;10336867922;B
20240513;100033;155.15;100;10336867984;B
20240513;100034;155.15;300;10336868121;B
20240513;100034;155.15;200;10336868122;B
20240513;100034;155.16;140;10336868123;B
20240513;100034;155.16;100;10336868124;B
20240513;100034;155.14;10;10336868228;S
20240513;100034;155.12;2030;10336868229;S
20240513;100034;155.12;300;10336868230;S
20240513;100034;155.1;560;10336868231;S
20240513;100034;155.09;100;10336868232;S
20240513;100035;155.15;20;10336868393;B
20240513;100035;155.15;100;10336868529;B
20240513;100035;155.15;100;10336868555;B
20240513;100036;155.15;100;10336868668;B
20240513;100036;155.15;100;10336868724;B
20240513;100036;155.15;100;10336868725;B
20240513;100036;155.15;60;10336868753;B
20240513;100036;155.15;100;10336868805;B
20240513;100036;155.15;100;10336868942;B
20240513;100036;155.14;10;10336868995;S
20240513;100038;155.15;30;10336869430;B
20240513;100038;155.15;810;10336869464;B
20240513;100038;155.15;190;10336869465;B
20240513;100039;155.15;210;10336869709;B
20240513;100039;155.15;10;10336869710;B
20240513;100039;155.16;30;10336869711;B
20240513;100040;155.15;20;10336870195;B
20240513;100041;155.15;10;10336870263;B
20240513;100041;155.16;90;10336870264;B
20240513;100041;155.16;100;10336870297;B
20240513;100041;155.16;100;10336870302;B
20240513;100041;155.16;100;10336870372;B
20240513;100041;155.13;2050;10336870408;S
20240513;100041;155.12;300;10336870409;S
20240513;100041;155.09;1650;10336870410;S
20240513;100041;155.15;10;10336870576;B
20240513;100041;155.16;290;10336870577;B
20240513;100042;155.09;60;10336870669;S
20240513;100042;155.09;10;10336870698;S
20240513;100042;155.15;10;10336870809;B
20240513;100042;155.09;100;10336870872;S
20240513;100042;155.09;630;10336870873;S
20240513;100042;155.09;300;10336870874;S
20240513;100042;155.09;1950;10336870875;S
20240513;100042;155.08;3900;10336870876;S
20240513;100042;155.08;5000;10336870877;S
20240513;100042;155.07;2400;10336870878;S
20240513;100042;155.07;23300;10336870879;S
20240513;100042;155.06;250;10336870880;S
20240513;100042;155.06;1000;10336870881;S
20240513;100042;155.06;2030;10336870882;S
20240513;100042;155.05;100;10336870883;S
20240513;100042;155.05;250;10336870884;S
20240513;100042;155.05;1000;10336870885;S
20240513;100042;155.04;250;10336870886;S
20240513;100042;155.04;1000;10336870887;S
20240513;100042;155.03;250;10336870888;S
20240513;100042;155.03;1000;10336870889;S
20240513;100042;155.02;10;10336870890;S
20240513;100042;155.02;400;10336870891;S
20240513;100042;155.02;250;10336870892;S
20240513;100042;155.02;1000;10336870893;S
20240513;100042;155.01;20;10336870894;S
20240513;100042;155.01;3610;10336870895;S
20240513;100042;155.03;10;10336870904;S
20240513;100043;155.03;10;10336870960;S
20240513;100043;155.03;250;10336871000;S
20240513;100043;155.12;10;10336871057;B
20240513;100043;155.1;100;10336871100;B
20240513;100043;155.05;2000;10336871197;S
20240513;100045;155.1;300;10336871561;B
20240513;100045;155.11;140;10336871562;B
20240513;100045;155.1;40;10336871703;B
20240513;100046;155.1;1000;10336872189;B
20240513;100046;155.05;110;10336872212;S
20240513;100047;155.1;100;10336872319;B
20240513;100047;155.1;100;10336872320;B
20240513;100047;155.11;300;10336872321;B
20240513;100047;155.11;200;10336872322;B
20240513;100047;155.11;100;10336872325;B
20240513;100047;155.11;100;10336872326;B
20240513;100047;155.11;100;10336872327;B
20240513;100047;155.11;2200;10336872350;B
20240513;100047;155.13;300;10336872351;B
20240513;100047;155.14;700;10336872352;B
20240513;100048;155.07;10;10336872553;S
20240513;100048;155.14;10;10336872685;B
20240513;100048;155.07;10;10336872747;S
20240513;100048;155.14;10;10336872760;B
20240513;100048;155.14;30;10336872781;B
20240513;100048;155.07;10;10336872784;S
20240513;100049;155.12;100;10336872903;B
20240513;100049;155.12;100;10336872906;B
20240513;100049;155.12;100;10336873039;B
20240513;100049;155.07;90;10336873088;S
20240513;100049;155.07;180;10336873122;S
20240513;100049;155.06;2000;10336873123;S
20240513;100049;155.04;820;10336873124;S
20240513;100049;155.1;20;10336873180;B
20240513;100050;155.06;300;10336873365;S
20240513;100050;155.05;2000;10336873366;S
20240513;100050;155.04;2720;10336873367;S
20240513;100050;155.04;10;10336873368;S
20240513;100050;155.03;1000;10336873369;S
20240513;100050;155.02;1000;10336873370;S
20240513;100050;155.02;750;10336873371;S
20240513;100050;155.02;2030;10336873372;S
20240513;100050;155.01;20;10336873373;S
20240513;100050;155.01;250;10336873374;S
20240513;100050;155.01;20;10336873375;S
20240513;100050;155.01;1000;10336873376;S
20240513;100050;155.01;2000;10336873377;S
20240513;100050;155;10;10336873378;S
20240513;100050;155;20;10336873379;S
20240513;100050;155;10;10336873380;S
20240513;100050;155;10;10336873381;S
20240513;100050;155;5000;10336873382;S
20240513;100050;155;120;10336873383;S
20240513;100050;155;70;10336873384;S
20240513;100050;155;20000;10336873385;S
20240513;100050;155;100;10336873386;S
20240513;100050;155;1000;10336873387;S
20240513;100050;155;2250;10336873388;S
20240513;100050;155;100;10336873389;S
20240513;100050;155;870;10336873390;S
20240513;100050;155;10000;10336873391;S
20240513;100050;155;3000;10336873392;S
20240513;100050;155;7540;10336873393;S
20240513;100050;155.02;10;10336873467;S
20240513;100050;155.02;10;10336873469;S
20240513;100050;155.02;300;10336873472;S
20240513;100051;155.09;300;10336873517;B
20240513;100051;155.09;2030;10336873518;B
20240513;100051;155.1;630;10336873519;B
20240513;100051;155.12;20;10336873520;B
20240513;100051;155.13;10;10336873521;B
20240513;100051;155.13;3900;10336873522;B
20240513;100051;155.13;250;10336873523;B
20240513;100051;155.14;1170;10336873524;B
20240513;100051;155.14;250;10336873525;B
20240513;100051;155.14;1440;10336873526;B
20240513;100051;155.03;10;10336873539;S
20240513;100051;155.13;20;10336873540;B
20240513;100051;155.14;30;10336873705;B
20240513;100051;155.04;2000;10336873721;S
20240513;100051;155.04;300;10336873722;S
20240513;100051;155.03;2700;10336873723;S
20240513;100052;155.13;20;10336873894;B
20240513;100052;155.04;1000;10336873914;S
20240513;100052;155.13;100;10336873923;B
20240513;100052;155.13;10;10336874068;B
20240513;100053;155.11;20;10336874156;B
20240513;100054;155.1;250;10336874453;S
20240513;100054;155.05;100;10336874490;B
20240513;100054;155.05;100;10336874491;B
20240513;100054;155.05;40;10336874498;B
20240513;100054;155.05;100;10336874513;B
20240513;100054;155.05;100;10336874519;B
20240513;100054;155.05;100;10336874527;B
20240513;100054;155.05;100;10336874528;B
20240513;100054;155.05;20;10336874570;B
20240513;100054;155.05;100;10336874588;B
20240513;100054;155.05;100;10336874658;B
20240513;100054;155.05;10;10336874664;B
20240513;100055;155.05;100;10336874727;B
20240513;100055;155.04;210;10336874736;S
20240513;100055;155.05;100;10336874915;B
20240513;100055;155.05;100;10336874946;B
20240513;100055;155.05;100;10336874963;B
20240513;100055;155.05;10;10336874998;B
20240513;100055;155.05;100;10336875002;B
20240513;100055;155.05;100;10336875050;B
20240513;100055;155.04;10;10336875081;S
20240513;100056;155.05;100;10336875173;B
20240513;100056;155.05;20;10336875255;B
20240513;100056;155.05;100;10336875256;B
20240513;100056;155.05;10;10336875290;B
20240513;100056;155.05;40;10336875293;B
20240513;100057;155.11;120;10336875537;B
20240513;100057;155.06;60;10336875572;S
20240513;100057;155.05;240;10336875573;S
20240513;100057;155.12;20;10336875622;B
20240513;100057;155.12;200;10336875629;B
20240513;100058;155.1;1170;10336875864;S
20240513;100058;155.09;810;10336875865;S
20240513;100058;155.12;100;10336875924;B
20240513;100058;155.12;20;10336876040;B
20240513;100058;155.12;10;10336876114;B
20240513;100059;155.1;20;10336876376;S
20240513;100059;155.12;20;10336876432;B
20240513;100100;155.12;40;10336876493;B
20240513;100100;155.1;40;10336876552;S
20240513;100100;155.12;100;10336876640;B
20240513;100100;155.12;100;10336876669;B
20240513;100100;155.12;400;10336876694;B
20240513;100100;155.12;100;10336876702;B
20240513;100100;155.12;100;10336876710;B
20240513;100100;155.12;100;10336876737;B
20240513;100100;155.12;100;10336876750;B
20240513;100100;155.12;100;10336876752;B
20240513;100100;155.12;100;10336876763;B
20240513;100100;155.12;100;10336876769;B
20240513;100100;155.12;100;10336876833;B
20240513;100100;155.1;500;10336876870;S
20240513;100101;155.12;100;10336876936;B
20240513;100101;155.12;90;10336877014;B
20240513;100101;155.12;10;10336877015;B
20240513;100101;155.1;80;10336877086;S
20240513;100101;155.13;20;10336877139;B
20240513;100101;155.13;100;10336877145;B
20240513;100101;155.13;100;10336877173;B
20240513;100101;155.13;100;10336877187;B
20240513;100102;155.13;100;10336877461;B
20240513;100102;155.1;10;10336877503;S
20240513;100102;155.13;100;10336877521;B
20240513;100102;155.13;100;10336877523;B
20240513;100102;155.13;100;10336877642;B
20240513;100103;155.13;2000;10336877644;B
20240513;100103;155.13;100;10336877652;B
20240513;100103;155.1;40;10336877657;S
20240513;100103;155.13;100;10336877714;B
20240513;100103;155.13;80;10336877776;B
20240513;100103;155.13;10;10336877777;B
20240513;100103;155.13;10;10336877778;B
20240513;100103;155.13;50;10336877780;B
20240513;100103;155.13;10;10336877781;B
20240513;100103;155.14;40;10336877782;B
20240513;100104;155.1;10;10336878377;S
20240513;100104;155.12;900;10336878379;B
20240513;100104;155.12;1310;10336878510;B
20240513;100104;155.14;60;10336878511;B
20240513;100104;155.15;10;10336878512;B
20240513;100104;155.15;10;10336878513;B
20240513;100104;155.15;500;10336878514;B
20240513;100104;155.15;120;10336878515;B
20240513;100104;155.15;990;10336878516;B
20240513;100105;155.15;300;10336878604;B
20240513;100105;155.15;700;10336878605;B
20240513;100105;155.15;100;10336878606;B
20240513;100105;155.15;10;10336878607;B
20240513;100105;155.15;990;10336878608;B
20240513;100105;155.15;300;10336878609;B
20240513;100105;155.15;710;10336878610;B
20240513;100105;155.15;290;10336878611;B
20240513;100105;155.15;100;10336878613;B
20240513;100105;155.15;100;10336878727;B
20240513;100105;155.15;350;10336878865;B
20240513;100105;155.16;100;10336878892;B
20240513;100106;155.15;100;10336879018;S
20240513;100106;155.16;100;10336879142;B
20240513;100106;155.16;600;10336879146;B
20240513;100106;155.16;200;10336879147;B
20240513;100106;155.16;10;10336879194;B
20240513;100106;155.16;100;10336879291;B
20240513;100106;155.16;100;10336879295;B
20240513;100107;155.15;500;10336879435;S
20240513;100107;155.16;600;10336879437;B
20240513;100107;155.16;100;10336879454;B
20240513;100107;155.16;200;10336879493;B
20240513;100107;155.16;700;10336879514;B
20240513;100107;155.16;100;10336879541;B
20240513;100107;155.16;100;10336879545;B
20240513;100107;155.16;100;10336879585;B
20240513;100107;155.16;100;10336879586;B
20240513;100108;155.16;500;10336879763;B
20240513;100108;155.15;2000;10336879794;S
20240513;100108;155.15;250;10336879795;S
20240513;100108;155.15;2750;10336879796;S
20240513;100109;155.16;100;10336879868;B
20240513;100109;155.16;10;10336879980;B
20240513;100109;155.16;100;10336880022;B
20240513;100109;155.16;400;10336880025;B
20240513;100109;155.15;2030;10336880046;S
20240513;100109;155.15;250;10336880047;S
20240513;100109;155.15;2000;10336880048;S
20240513;100109;155.15;1170;10336880049;S
20240513;100109;155.15;2950;10336880050;S
20240513;100109;155.14;250;10336880051;S
20240513;100109;155.14;2000;10336880052;S
20240513;100109;155.13;250;10336880053;S
20240513;100109;155.13;1080;10336880054;S
20240513;100109;155.13;300;10336880055;S
20240513;100109;155.12;250;10336880056;S
20240513;100109;155.12;100;10336880057;S
20240513;100109;155.11;250;10336880058;S
20240513;100109;155.1;250;10336880059;S
20240513;100109;155.1;1000;10336880060;S
20240513;100109;155.1;10;10336880061;S
20240513;100109;155.1;1200;10336880062;S
20240513;100109;155.1;2000;10336880063;B
20240513;100109;155.1;2000;10336880064;B
20240513;100109;155.1;2000;10336880065;B
20240513;100109;155.1;2000;10336880066;B
20240513;100109;155.1;790;10336880067;B
20240513;100109;155.15;1260;10336880070;B
20240513;100109;155.16;1210;10336880071;B
20240513;100109;155.16;2000;10336880072;B
20240513;100109;155.15;30;10336880088;S
20240513;100110;155.16;710;10336880103;B
20240513;100110;155.16;3000;10336880265;B
20240513;100110;155.15;70;10336880281;S
20240513;100110;155.16;100;10336880298;B
20240513;100110;155.15;10;10336880390;S
20240513;100111;155.16;50;10336880449;B
20240513;100111;155.15;50;10336880549;S
20240513;100111;155.15;120;10336880570;S
20240513;100111;155.15;880;10336880571;S
20240513;100112;155.15;50;10336880686;S
20240513;100112;155.16;100;10336880739;B
20240513;100112;155.16;100;10336880784;B
20240513;100112;155.15;1070;10336880809;S
20240513;100112;155.15;430;10336880810;S
20240513;100112;155.16;10;10336880856;B
20240513;100113;155.15;100;10336880861;S
20240513;100113;155.16;200;10336880864;B
20240513;100113;155.16;400;10336880866;B
20240513;100113;155.16;600;10336880867;B
20240513;100113;155.16;100;10336880960;B
20240513;100114;155.16;10;10336881045;B
20240513;100114;155.16;100;10336881155;B
20240513;100115;155.16;300;10336881285;B
20240513;100115;155.16;490;10336881316;B
20240513;100115;155.16;100;10336881407;B
20240513;100115;155.16;400;10336881479;B
20240513;100115;155.16;200;10336881593;B
20240513;100116;155.16;100;10336881653;B
20240513;100116;155.16;100;10336881750;B
20240513;100116;155.15;10;10336881764;S
20240513;100116;155.16;100;10336881837;B
20240513;100116;155.16;100;10336881841;B
20240513;100117;155.15;10;10336881964;S
20240513;100117;155.15;20;10336881996;S
20240513;100117;155.16;100;10336882070;B
20240513;100117;155.16;100;10336882107;B
20240513;100118;155.16;70;10336882273;B
20240513;100118;155.15;1030;10336882303;S
20240513;100118;155.15;250;10336882304;S
20240513;100118;155.15;2000;10336882305;S
20240513;100118;155.15;1200;10336882306;S
20240513;100118;155.15;100;10336882307;S
20240513;100118;155.15;100;10336882308;S
20240513;100118;155.15;100;10336882309;S
20240513;100118;155.14;250;10336882310;S
20240513;100118;155.14;1290;10336882311;S
20240513;100118;155.14;2000;10336882312;S
20240513;100118;155.14;100;10336882362;B
20240513;100119;155.14;100;10336882422;B
20240513;100119;155.14;1000;10336882425;B
20240513;100119;155.14;100;10336882546;B
20240513;100120;155.14;10;10336882615;B
20240513;100120;155.13;100;10336882630;S
20240513;100121;155.14;10;10336882883;B
20240513;100121;155.14;30;10336882988;B
20240513;100122;155.14;100;10336883063;B
20240513;100123;155.14;10;10336883476;B
20240513;100123;155.13;300;10336883503;S
20240513;100123;155.14;200;10336883531;B
20240513;100123;155.14;20;10336883561;B
20240513;100123;155.14;80;10336883562;B
20240513;100123;155.14;250;10336883588;B
20240513;100125;155.14;170;10336884073;B
20240513;100125;155.14;100;10336884332;B
20240513;100126;155.14;500;10336884372;B
20240513;100126;155.14;300;10336884373;B
20240513;100126;155.14;500;10336884374;B
20240513;100126;155.14;100;10336884375;B
20240513;100126;155.14;1000;10336884521;B
20240513;100126;155.14;10;10336884547;B
20240513;100126;155.15;40;10336884548;B
20240513;100127;155.15;60;10336884674;B
20240513;100127;155.15;240;10336884675;B
20240513;100127;155.15;10;10336884769;B
20240513;100127;155.15;90;10336884770;B
20240513;100128;155.14;100;10336884982;S
20240513;100128;155.15;20;10336885078;B
20240513;100128;155.15;40;10336885208;B
20240513;100128;155.16;60;10336885209;B
20240513;100129;155.16;100;10336885390;B
20240513;100130;155.15;40;10336885493;S
20240513;100130;155.15;40;10336885517;S
20240513;100131;155.16;100;10336885815;B
20240513;100131;155.15;100;10336885829;S
20240513;100131;155.16;100;10336885839;B
20240513;100131;155.16;600;10336885850;B
20240513;100131;155.16;100;10336885858;B
20240513;100131;155.16;200;10336885921;B
20240513;100131;155.16;10;10336885932;B
20240513;100132;155.16;20;10336886030;B
20240513;100132;155.16;70;10336886089;B
20240513;100132;155.16;430;10336886090;B
20240513;100132;155.15;10;10336886098;S
20240513;100132;155.15;450;10336886232;S
20240513;100133;155.15;80;10336886295;S
20240513;100133;155.16;10;10336886346;B
20240513;100133;155.15;200;10336886348;S
20240513;100133;155.15;200;10336886417;S
20240513;100133;155.16;100;10336886418;B
20240513;100133;155.15;50;10336886438;S
20240513;100133;155.15;830;10336886441;S
20240513;100133;155.15;900;10336886442;S
20240513;100133;155.15;250;10336886443;S
20240513;100133;155.15;1170;10336886444;S
20240513;100133;155.15;170;10336886445;S
20240513;100134;155.16;10;10336886719;B
20240513;100135;155.15;10;10336886889;S
20240513;100135;155.15;10;10336887009;S
20240513;100135;155.16;100;10336887040;B
20240513;100136;155.15;20;10336887087;S
20240513;100137;155.16;10;10336887408;B
20240513;100138;155.16;300;10336887496;B
20240513;100138;155.16;400;10336887497;B
20240513;100138;155.16;200;10336887498;B
20240513;100138;155.16;300;10336887499;B
20240513;100138;155.16;100;10336887500;B
20240513;100138;155.16;100;10336887501;B
20240513;100138;155.16;100;10336887683;B
20240513;100139;155.16;200;10336887759;B
20240513;100139;155.15;20;10336887767;S
20240513;100140;155.16;10;10336887974;B
20240513;100142;155.16;3000;10336888499;B
20240513;100142;155.15;100;10336888535;S
20240513;100142;155.16;10;10336888554;B
20240513;100143;155.16;3000;10336888820;B
20240513;100143;155.16;100;10336888836;B
20240513;100143;155.15;50;10336888896;S
20240513;100144;155.15;1620;10336889237;S
20240513;100144;155.15;230;10336889238;S
20240513;100144;155.15;250;10336889239;S
20240513;100144;155.15;900;10336889240;S
20240513;100144;155.16;3000;10336889241;B
20240513;100144;155.15;10;10336889259;S
20240513;100144;155.16;1500;10336889279;B
20240513;100145;155.16;400;10336889668;B
20240513;100145;155.16;3000;10336889669;B
20240513;100145;155.16;200;10336889679;B
20240513;100145;155.16;100;10336889680;B
20240513;100145;155.16;200;10336889681;B
20240513;100145;155.16;300;10336889682;B
20240513;100145;155.16;400;10336889688;B
20240513;100146;155.15;10;10336889761;S
20240513;100146;155.16;3000;10336890016;B
20240513;100147;155.16;200;10336890095;B
20240513;100148;155.15;1080;10336890487;S
20240513;100148;155.15;1170;10336890488;S
20240513;100148;155.15;200;10336890489;S
20240513;100148;155.15;500;10336890490;S
20240513;100148;155.15;2000;10336890491;S
20240513;100148;155.15;250;10336890492;S
20240513;100148;155.15;120;10336890493;S
20240513;100148;155.15;100;10336890494;S
20240513;100148;155.15;3000;10336890495;B
20240513;100148;155.15;1280;10336890543;B
20240513;100148;155.16;29220;10336890544;B
20240513;100148;155.16;10;10336890545;B
20240513;100148;155.16;10;10336890546;B
20240513;100148;155.16;10;10336890547;B
20240513;100148;155.16;10;10336890548;B
20240513;100148;155.16;510;10336890549;B
20240513;100148;155.16;10000;10336890550;B
20240513;100148;155.16;1500;10336890551;B
20240513;100148;155.16;7450;10336890552;B
20240513;100148;155.16;1260;10336890553;B
20240513;100148;155.16;20;10336890555;B
20240513;100149;155.16;320;10336890783;B
20240513;100149;155.16;100;10336890937;B
20240513;100149;155.16;700;10336890938;B
20240513;100150;155.16;10;10336891027;B
20240513;100150;155.16;140;10336891234;B
20240513;100150;155.16;10;10336891235;B
20240513;100150;155.16;20;10336891236;B
20240513;100150;155.16;10;10336891237;B
20240513;100150;155.16;10;10336891238;B
20240513;100150;155.16;410;10336891239;B
20240513;100150;155.16;10;10336891265;B
20240513;100151;155.16;2580;10336891294;B
20240513;100151;155.16;30;10336891295;B
20240513;100151;155.16;30;10336891296;B
20240513;100151;155.16;10;10336891297;B
20240513;100151;155.16;10;10336891298;B
20240513;100151;155.17;10;10336891303;B
20240513;100151;155.18;990;10336891304;B
20240513;100151;155.18;10;10336891327;B
20240513;100151;155.18;10;10336891340;B
20240513;100151;155.18;100;10336891360;B
20240513;100151;155.18;100;10336891361;B
20240513;100151;155.18;100;10336891379;B
20240513;100151;155.18;1000;10336891501;B
20240513;100151;155.18;400;10336891588;B
20240513;100152;155.18;10;10336891751;B
20240513;100153;155.18;760;10336891891;B
20240513;100153;155.18;10;10336891892;B
20240513;100153;155.18;50;10336891893;B
20240513;100153;155.19;180;10336891894;B
20240513;100153;155.19;300;10336891903;B
20240513;100153;155.19;180;10336891911;B
20240513;100153;155.19;10;10336891912;B
20240513;100153;155.19;110;10336891913;B
20240513;100153;155.19;30;10336891914;B
20240513;100153;155.19;80;10336891915;B
20240513;100153;155.19;80;10336891916;B
20240513;100153;155.19;10;10336891917;B
20240513;100153;155.19;10;10336891918;B
20240513;100153;155.19;90;10336891919;B
20240513;100153;155.19;100;10336891979;B
20240513;100153;155.18;10;10336891990;S
20240513;100154;155.19;110;10336892106;B
20240513;100154;155.19;10;10336892107;B
20240513;100154;155.19;40;10336892108;B
20240513;100154;155.19;60;10336892127;B
20240513;100154;155.19;50;10336892128;B
20240513;100154;155.19;200;10336892129;B
20240513;100154;155.19;50;10336892130;B
20240513;100154;155.19;10;10336892131;B
20240513;100154;155.19;1130;10336892132;B
20240513;100154;155.19;70;10336892214;B
20240513;100154;155.19;10;10336892215;B
20240513;100154;155.2;290;10336892216;B
20240513;100154;155.2;10;10336892217;B
20240513;100154;155.2;20;10336892218;B
20240513;100154;155.2;10;10336892219;B
20240513;100154;155.2;10;10336892220;B
20240513;100154;155.2;50;10336892221;B
20240513;100154;155.2;530;10336892222;B
20240513;100154;155.19;10;10336892229;S
20240513;100154;155.19;10;10336892248;S
20240513;100154;155.2;10;10336892269;B
20240513;100155;155.19;1000;10336892272;S
20240513;100155;155.19;60;10336892323;S
20240513;100155;155.19;250;10336892324;S
20240513;100155;155.19;1190;10336892325;S
20240513;100155;155.2;100;10336892439;B
20240513;100155;155.2;100;10336892478;B
20240513;100156;155.2;100;10336892488;B
20240513;100156;155.2;500;10336892578;B
20240513;100158;155.19;960;10336893001;S
20240513;100158;155.19;250;10336893002;S
20240513;100158;155.18;1990;10336893003;S
20240513;100158;155.18;250;10336893004;S
20240513;100158;155.18;200;10336893005;S
20240513;100158;155.18;500;10336893006;S
20240513;100158;155.18;110;10336893007;S
20240513;100158;155.2;10;10336893109;B
20240513;100159;155.19;20;10336893149;S
20240513;100159;155.2;10;10336893190;B
20240513;100159;155.19;1980;10336893199;S
20240513;100159;155.19;30;10336893200;S
20240513;100159;155.19;100;10336893201;S
20240513;100159;155.18;250;10336893202;S
20240513;100159;155.17;250;10336893203;S
20240513;100159;155.17;390;10336893204;S
20240513;100159;155.18;10;10336893251;S
20240513;100159;155.18;10;10336893320;S
20240513;100200;155.2;350;10336893374;B
20240513;100200;155.18;200;10336893427;S
20240513;100200;155.2;90;10336893494;B
20240513;100200;155.18;10;10336893496;S
20240513;100200;155.2;100;10336893593;B
20240513;100200;155.2;900;10336893710;B
20240513;100200;155.2;100;10336893711;B
20240513;100200;155.2;800;10336893729;B
20240513;100200;155.2;200;10336893765;B
20240513;100200;155.2;100;10336893766;B
20240513;100200;155.2;100;10336893767;B
20240513;100200;155.2;30;10336893780;B
20240513;100200;155.2;170;10336893781;B
20240513;100201;155.2;100;10336893858;B
20240513;100201;155.2;100;10336893873;B
20240513;100201;155.19;60;10336894116;B
20240513;100202;155.19;40;10336894223;B
20240513;100202;155.19;60;10336894224;B
20240513;100203;155.18;80;10336894482;S
20240513;100203;155.2;500;10336894488;B
20240513;100203;155.2;200;10336894620;B
20240513;100204;155.2;100;10336894848;B
20240513;100204;155.18;50;10336894893;S
20240513;100204;155.2;100;10336894972;B
20240513;100204;155.2;600;10336895039;B
20240513;100204;155.2;100;10336895041;B
20240513;100204;155.19;10;10336895083;S
20240513;100205;155.2;100;10336895103;B
20240513;100205;155.19;1000;10336895131;S
20240513;100205;155.18;10;10336895180;S
20240513;100205;155.2;100;10336895182;B
20240513;100205;155.2;100;10336895295;B
20240513;100205;155.2;100;10336895312;B
20240513;100206;155.2;100;10336895553;B
20240513;100208;155.2;180;10336896124;B
20240513;100208;155.2;20;10336896125;B
20240513;100208;155.2;10;10336896126;B
20240513;100208;155.2;160;10336896127;B
20240513;100208;155.2;30;10336896128;B
20240513;100208;155.2;200;10336896129;B
20240513;100208;155.2;200;10336896130;B
20240513;100208;155.2;370;10336896131;B
20240513;100208;155.2;10;10336896132;B
20240513;100208;155.2;10;10336896133;B
20240513;100208;155.2;10;10336896158;S
20240513;100208;155.2;630;10336896159;S
20240513;100208;155.2;400;10336896160;S
20240513;100208;155.2;460;10336896161;S
20240513;100209;155.21;20;10336896454;B
20240513;100209;155.21;10;10336896455;B
20240513;100209;155.21;50;10336896456;B
20240513;100209;155.21;2000;10336896457;B
20240513;100209;155.21;10;10336896458;B
20240513;100209;155.21;800;10336896459;B
20240513;100209;155.22;2130;10336896460;B
20240513;100209;155.22;1000;10336896512;B
20240513;100210;155.22;100;10336896776;B
20240513;100210;155.22;50;10336896792;B
20240513;100210;155.22;10;10336896830;B
20240513;100210;155.22;200;10336896867;B
20240513;100211;155.21;20;10336897045;S
20240513;100212;155.21;10;10336897081;S
20240513;100212;155.22;10;10336897084;B
20240513;100212;155.21;70;10336897101;S
20240513;100212;155.21;400;10336897130;S
20240513;100212;155.21;230;10336897131;S
20240513;100212;155.21;10;10336897148;S
20240513;100212;155.21;50;10336897241;S
20240513;100212;155.22;1000;10336897251;B
20240513;100215;155.22;20;10336897731;B
20240513;100215;155.22;100;10336897778;B
20240513;100215;155.22;100;10336897781;B
20240513;100215;155.22;100;10336897804;B
20240513;100215;155.21;10;10336897807;S
20240513;100215;155.22;100;10336897822;B
20240513;100215;155.22;150;10336897887;B
20240513;100215;155.22;100;10336897888;B
20240513;100215;155.22;200;10336897889;B
20240513;100215;155.22;200;10336897890;B
20240513;100215;155.22;400;10336897891;B
20240513;100215;155.22;1000;10336897892;B
20240513;100215;155.22;400;10336897899;B
20240513;100216;155.22;1400;10336898095;B
20240513;100216;155.21;330;10336898130;S
20240513;100216;155.21;10;10336898131;S
20240513;100216;155.21;2000;10336898132;S
20240513;100216;155.21;250;10336898133;S
20240513;100216;155.21;410;10336898134;S
20240513;100217;155.22;40;10336898182;B
20240513;100218;155.21;630;10336898390;S
20240513;100218;155.21;170;10336898391;S
20240513;100218;155.21;30;10336898440;S
20240513;100219;155.22;200;10336898595;B
20240513;100219;155.21;50;10336898628;S
20240513;100219;155.21;10;10336898629;S
20240513;100219;155.21;10;10336898630;S
20240513;100220;155.21;930;10336898833;B
20240513;100220;155.21;70;10336898834;B
20240513;100220;155.21;300;10336898835;B
20240513;100220;155.21;1130;10336898836;B
20240513;100222;155.21;100;10336899312;S
20240513;100222;155.21;170;10336899348;S
20240513;100222;155.21;250;10336899349;S
20240513;100222;155.21;30;10336899486;B
20240513;100222;155.21;570;10336899487;B
20240513;100222;155.21;100;10336899488;B
20240513;100222;155.21;130;10336899489;B
20240513;100223;155.22;400;10336899600;B
20240513;100223;155.22;10;10336899640;B
20240513;100223;155.21;10;10336899750;S
20240513;100224;155.22;50;10336899816;B
20240513;100224;155.21;10;10336899897;S
20240513;100225;155.22;530;10336900200;B
20240513;100225;155.22;200;10336900201;B
20240513;100225;155.22;50;10336900202;B
20240513;100225;155.22;100;10336900203;B
20240513;100225;155.22;100;10336900204;B
20240513;100225;155.23;10;10336900205;B
20240513;100226;155.23;90;10336900312;B
20240513;100226;155.23;10;10336900313;B
20240513;100226;155.24;20;10336900314;B
20240513;100226;155.25;10;10336900315;B
20240513;100226;155.25;10;10336900316;B
20240513;100226;155.25;10;10336900317;B
20240513;100226;155.25;10;10336900318;B
20240513;100226;155.25;840;10336900319;B
20240513;100226;155.23;10;10336900336;S
20240513;100226;155.25;100;10336900342;B
20240513;100226;155.25;100;10336900347;B
20240513;100226;155.25;100;10336900363;B
20240513;100226;155.25;500;10336900365;B
20240513;100226;155.25;360;10336900377;B
20240513;100226;155.25;100;10336900378;B
20240513;100226;155.25;10;10336900379;B
20240513;100226;155.27;530;10336900380;B
20240513;100226;155.27;100;10336900381;B
20240513;100226;155.27;100;10336900382;B
20240513;100226;155.27;100;10336900383;B
20240513;100226;155.27;100;10336900384;B
20240513;100226;155.27;100;10336900385;B
20240513;100226;155.27;500;10336900387;B
20240513;100226;155.27;250;10336900388;B
20240513;100226;155.27;220;10336900389;B
20240513;100226;155.27;20;10336900390;B
20240513;100226;155.27;10;10336900409;S
20240513;100226;155.27;10;10336900432;S
20240513;100226;155.27;10;10336900447;S
20240513;100227;155.28;30;10336900491;B
20240513;100227;155.28;50;10336900492;B
20240513;100227;155.28;100;10336900493;B
20240513;100227;155.28;10;10336900494;B
20240513;100227;155.28;100;10336900495;B
20240513;100227;155.28;50;10336900496;B
20240513;100227;155.28;660;10336900544;S
20240513;100227;155.28;730;10336900545;S
20240513;100227;155.27;630;10336900546;S
20240513;100227;155.26;800;10336900547;S
20240513;100227;155.24;250;10336900548;S
20240513;100227;155.23;240;10336900549;S
20240513;100227;155.23;1620;10336900550;S
20240513;100227;155.23;2000;10336900551;S
20240513;100227;155.23;70;10336900552;S
20240513;100227;155.24;500;10336900568;S
20240513;100227;155.24;130;10336900673;S
20240513;100227;155.24;250;10336900674;S
20240513;100227;155.24;40;10336900675;S
20240513;100228;155.29;10;10336900737;B
20240513;100228;155.3;10;10336900738;B
20240513;100228;155.28;10;10336900801;S
20240513;100228;155.26;800;10336900802;S
20240513;100228;155.25;630;10336900803;S
20240513;100228;155.25;30;10336900804;S
20240513;100228;155.24;130;10336900805;S
20240513;100228;155.27;250;10336900881;B
20240513;100228;155.28;10;10336900882;B
20240513;100228;155.29;740;10336900883;B
20240513;100228;155.26;30;10336900884;S
20240513;100228;155.24;70;10336900885;S
20240513;100228;155.29;200;10336900886;B
20240513;100228;155.24;500;10336900887;S
20240513;100228;155.24;590;10336900933;S
20240513;100230;155.25;50;10336901303;B
20240513;100230;155.28;80;10336901304;B
20240513;100230;155.28;10;10336901305;B
20240513;100230;155.28;250;10336901306;B
20240513;100230;155.29;10;10336901307;B
20240513;100231;155.25;10;10336901491;B
20240513;100233;155.25;10;10336901863;S
20240513;100233;155.27;10;10336901874;B
20240513;100233;155.27;10;10336901875;B
20240513;100233;155.29;40;10336901876;B
20240513;100234;155.29;420;10336901994;B
20240513;100235;155.29;10;10336902133;S
20240513;100237;155.29;100;10336902629;S
20240513;100237;155.29;100;10336902662;S
20240513;100237;155.29;100;10336902690;S
20240513;100238;155.3;10;10336902922;B
20240513;100238;155.3;10;10336902941;B
20240513;100238;155.29;10;10336903117;S
20240513;100239;155.3;10;10336903249;B
20240513;100239;155.3;20;10336903389;B
20240513;100239;155.3;10;10336903454;B
20240513;100240;155.3;100;10336903500;B
20240513;100240;155.3;330;10336903501;B
20240513;100240;155.3;10;10336903502;B
20240513;100240;155.3;100;10336903503;B
20240513;100240;155.3;10;10336903504;B
20240513;100240;155.3;200;10336903505;B
20240513;100240;155.3;1000;10336903506;B
20240513;100240;155.3;20;10336903507;B
20240513;100240;155.3;10;10336903508;B
20240513;100240;155.3;190;10336903509;B
20240513;100240;155.3;10;10336903510;B
20240513;100240;155.3;10;10336903511;B
20240513;100240;155.3;40;10336903512;B
20240513;100240;155.3;10;10336903513;B
20240513;100240;155.3;10;10336903514;B
20240513;100240;155.3;100;10336903515;B
20240513;100240;155.3;100;10336903516;B
20240513;100240;155.3;20;10336903517;B
20240513;100240;155.31;10;10336903518;B
20240513;100240;155.31;250;10336903519;B
20240513;100240;155.32;5000;10336903520;B
20240513;100240;155.32;300;10336903521;B
20240513;100240;155.34;70;10336903522;B
20240513;100240;155.34;10;10336903523;B
20240513;100240;155.35;500;10336903524;B
20240513;100240;155.35;10;10336903525;B
20240513;100240;155.35;500;10336903526;B
20240513;100240;155.35;20;10336903527;B
20240513;100240;155.35;1160;10336903528;B
20240513;100240;155.35;400;10336903529;B
20240513;100240;155.35;100;10336903530;B
20240513;100240;155.35;300;10336903531;B
20240513;100240;155.36;250;10336903532;B
20240513;100240;155.36;450;10336903533;B
20240513;100240;155.36;500;10336903534;B
20240513;100240;155.32;10;10336903555;S
20240513;100240;155.35;40;10336903660;B
20240513;100240;155.36;960;10336903661;B
20240513;100240;155.33;60;10336903715;B
20240513;100240;155.36;240;10336903716;B
20240513;100240;155.32;620;10336903729;S
20240513;100240;155.31;20;10336903730;S
20240513;100240;155.31;300;10336903731;S
20240513;100240;155.3;60;10336903732;S
20240513;100241;155.32;150;10336903964;S
20240513;100242;155.35;300;10336904114;B
20240513;100242;155.36;590;10336904115;B
20240513;100242;155.37;500;10336904116;B
20240513;100242;155.37;10;10336904117;B
20240513;100242;155.37;600;10336904118;B
20240513;100243;155.32;10;10336904229;S
20240513;100243;155.36;300;10336904244;B
20240513;100243;155.37;2400;10336904245;B
20240513;100243;155.38;100;10336904246;B
20240513;100243;155.38;10;10336904247;B
20240513;100243;155.38;10;10336904248;B
20240513;100243;155.38;4720;10336904249;B
20240513;100243;155.38;10;10336904270;B
20240513;100243;155.34;40;10336904316;S
20240513;100243;155.38;20;10336904347;B
20240513;100244;155.38;30;10336904388;B
20240513;100244;155.35;50;10336904466;S
20240513;100244;155.35;630;10336904467;S
20240513;100244;155.33;800;10336904468;S
20240513;100244;155.33;1620;10336904469;S
20240513;100244;155.32;3900;10336904470;S
20240513;100245;155.34;10;10336904570;S
20240513;100245;155.34;10;10336904571;S
20240513;100245;155.34;80;10336904746;S
20240513;100245;155.33;120;10336904747;S
20240513;100246;155.33;10;10336904753;S
20240513;100246;155.35;10;10336904765;B
20240513;100246;155.35;10;10336904814;B
20240513;100246;155.37;10;10336904815;B
20240513;100246;155.38;220;10336904933;B
20240513;100246;155.38;160;10336904934;B
20240513;100246;155.38;10;10336904935;B
20240513;100246;155.38;20;10336904936;B
20240513;100246;155.38;10;10336904937;B
20240513;100246;155.38;10;10336904938;B
20240513;100246;155.39;30000;10336904939;B
20240513;100246;155.39;10;10336904940;B
20240513;100246;155.39;10;10336904941;B
20240513;100246;155.39;1000;10336904942;B
20240513;100246;155.39;300;10336904943;B
20240513;100246;155.4;10;10336904944;B
20240513;100246;155.4;30;10336904945;B
20240513;100246;155.4;500;10336904946;B
20240513;100246;155.4;10;10336904947;B
20240513;100246;155.4;20;10336904949;S
20240513;100247;155.4;500;10336904991;S
20240513;100247;155.4;1500;10336904992;S
20240513;100247;155.4;10;10336905003;S
20240513;100247;155.4;460;10336905005;S
20240513;100247;155.4;10;10336905132;S
20240513;100248;155.4;500;10336905273;S
20240513;100248;155.4;10;10336905317;S
20240513;100248;155.4;500;10336905340;S
20240513;100248;155.4;40;10336905362;S
20240513;100248;155.4;30;10336905364;S
20240513;100249;155.4;60;10336905519;S
20240513;100249;155.4;500;10336905563;S
20240513;100249;155.4;10;10336905567;S
20240513;100250;155.41;10;10336905661;B
20240513;100250;155.4;500;10336905721;S
20240513;100250;155.4;3050;10336905722;S
20240513;100250;155.4;20;10336905723;S
20240513;100250;155.39;1930;10336905724;S
20240513;100250;155.4;250;10336905733;B
20240513;100251;155.36;10;10336906107;S
20240513;100252;155.37;20;10336906267;S
20240513;100252;155.39;10;10336906294;B
20240513;100252;155.37;20;10336906401;S
20240513;100252;155.37;1200;10336906402;S
20240513;100252;155.36;780;10336906403;S
20240513;100253;155.36;3850;10336906481;S
20240513;100253;155.36;1860;10336906523;S
20240513;100253;155.35;140;10336906524;S
20240513;100255;155.37;10;10336906942;B
20240513;100255;155.37;300;10336906943;B
20240513;100255;155.39;50;10336906944;B
20240513;100255;155.39;640;10336906945;B
20240513;100255;155.39;10;10336906973;B
20240513;100256;155.35;10;10336907373;S
20240513;100257;155.39;10;10336907565;B
20240513;100257;155.35;410;10336907592;S
20240513;100258;155.39;290;10336907772;B
20240513;100258;155.39;120;10336907773;B
20240513;100259;155.37;1000;10336908007;B
20240513;100259;155.37;700;10336908009;B
20240513;100300;155.37;30;10336908041;B
20240513;100300;155.37;100;10336908079;B
20240513;100300;155.37;100;10336908080;B
20240513;100300;155.37;100;10336908133;B
20240513;100300;155.37;100;10336908169;B
20240513;100300;155.37;100;10336908170;B
20240513;100300;155.37;640;10336908180;B
20240513;100300;155.37;10;10336908210;S
20240513;100300;155.38;200;10336908244;B
20240513;100300;155.39;40;10336908265;B
20240513;100301;155.39;10;10336908306;B
20240513;100301;155.39;170;10336908307;B
20240513;100301;155.39;1620;10336908308;B
20240513;100301;155.4;10;10336908323;B
20240513;100301;155.4;60;10336908324;B
20240513;100301;155.39;80;10336908354;S
20240513;100301;155.4;10;10336908474;B
20240513;100302;155.39;100;10336908951;S
20240513;100303;155.4;20;10336909096;B
20240513;100304;155.4;2160;10336909386;B
20240513;100304;155.4;1000;10336909387;B
20240513;100304;155.4;40;10336909388;B
20240513;100304;155.4;10;10336909389;B
20240513;100304;155.4;200;10336909390;B
20240513;100304;155.41;200;10336909391;B
20240513;100304;155.41;80;10336909392;B
20240513;100304;155.42;10;10336909393;B
20240513;100304;155.42;140;10336909394;B
20240513;100304;155.42;60;10336909395;B
20240513;100304;155.42;440;10336909396;B
20240513;100304;155.42;100;10336909397;B
20240513;100304;155.42;400;10336909398;B
20240513;100304;155.42;40;10336909433;B
20240513;100304;155.42;20;10336909476;B
20240513;100304;155.42;250;10336909477;B
20240513;100304;155.42;1730;10336909478;B
20240513;100305;155.41;10;10336909617;S
20240513;100306;155.41;40;10336909799;S
20240513;100306;155.42;100;10336909865;B
20240513;100306;155.41;10;10336909867;S
20240513;100306;155.41;1130;10336909868;S
20240513;100306;155.4;630;10336909869;S
20240513;100306;155.4;860;10336909870;S
20240513;100306;155.4;300;10336909871;S
20240513;100306;155.39;2150;10336909872;S
20240513;100306;155.39;500;10336909873;S
20240513;100307;155.4;100;10336909932;S
20240513;100307;155.4;300;10336910094;S
20240513;100307;155.42;130;10336910110;B
20240513;100308;155.42;10;10336910273;B
20240513;100308;155.4;500;10336910420;S
20240513;100310;155.42;20;10336910801;B
20240513;100311;155.4;100;10336910909;S
20240513;100312;155.4;80;10336911010;S
20240513;100312;155.4;10;10336911011;S
20240513;100312;155.4;300;10336911012;S
20240513;100312;155.4;110;10336911013;S
20240513;100313;155.4;30;10336911178;B
20240513;100313;155.42;10;10336911179;B
20240513;100313;155.42;30;10336911180;B
20240513;100313;155.42;20;10336911181;B
20240513;100313;155.42;10;10336911182;B
20240513;100313;155.43;20;10336911183;B
20240513;100313;155.43;10;10336911184;B
20240513;100313;155.43;100;10336911185;B
20240513;100313;155.43;420;10336911186;B
20240513;100313;155.43;300;10336911187;B
20240513;100313;155.39;10;10336911246;S
20240513;100313;155.39;100;10336911250;S
20240513;100313;155.39;10;10336911357;S
20240513;100314;155.39;10;10336911589;S
20240513;100315;155.39;740;10336911897;S
20240513;100315;155.39;630;10336911898;S
20240513;100315;155.39;630;10336911899;S
20240513;100317;155.4;40;10336912420;S
20240513;100317;155.4;100;10336912424;S
20240513;100318;155.43;30;10336912617;B
20240513;100318;155.43;570;10336912618;B
20240513;100318;155.41;100;10336912619;S
20240513;100318;155.4;100;10336912620;S
20240513;100318;155.43;10;10336912661;B
20240513;100318;155.42;10;10336912691;S
20240513;100318;155.42;150;10336912692;S
20240513;100319;155.43;590;10336912955;B
20240513;100322;155.42;10;10336913499;B
20240513;100322;155.43;1050;10336913523;B
20240513;100322;155.43;1060;10336913524;B
20240513;100322;155.44;890;10336913525;B
20240513;100322;155.43;1170;10336913593;S
20240513;100322;155.43;630;10336913594;S
20240513;100322;155.43;10;10336913636;B
20240513;100323;155.43;160;10336913879;B
20240513;100324;155.43;30;10336914146;B
20240513;100324;155.43;20;10336914147;B
20240513;100324;155.43;550;10336914148;B
20240513;100324;155.42;1000;10336914149;S
20240513;100324;155.42;30;10336914172;S
20240513;100324;155.42;10;10336914173;S
20240513;100324;155.42;270;10336914266;S
20240513;100324;155.42;230;10336914267;S
20240513;100326;155.44;50;10336914764;B
20240513;100327;155.43;50;10336914830;S
20240513;100327;155.43;50;10336914877;S
20240513;100327;155.43;100;10336914878;S
20240513;100327;155.43;530;10336915074;S
20240513;100327;155.42;770;10336915075;S
20240513;100327;155.42;100;10336915076;S
20240513;100327;155.42;20;10336915077;S
20240513;100327;155.42;20;10336915084;B
20240513;100328;155.42;130;10336915233;B
20240513;100328;155.42;20;10336915255;B
20240513;100328;155.42;130;10336915315;B
20240513;100330;155.41;10;10336915754;S
20240513;100331;155.42;10;10336915767;B
20240513;100332;155.42;270;10336916019;B
20240513;100332;155.43;1170;10336916020;B
20240513;100332;155.43;460;10336916021;B
20240513;100333;155.42;10;10336916639;B
20240513;100333;155.42;10;10336916640;B
20240513;100334;155.42;400;10336916841;B
20240513;100334;155.42;100;10336916870;B
20240513;100334;155.42;2840;10336916873;B
20240513;100334;155.43;160;10336916874;B
20240513;100334;155.42;1170;10336916876;S
20240513;100334;155.42;630;10336916877;S
20240513;100334;155.42;1170;10336916878;S
20240513;100334;155.41;1620;10336916879;S
20240513;100334;155.41;300;10336916880;S
20240513;100334;155.41;3590;10336917011;B
20240513;100334;155.41;70;10336917087;B
20240513;100335;155.41;1280;10336917301;B
20240513;100336;155.4;30;10336917461;S
20240513;100336;155.41;10;10336917620;B
20240513;100336;155.4;2000;10336917665;S
20240513;100336;155.41;30;10336917671;B
20240513;100337;155.41;30;10336917800;B
20240513;100337;155.4;460;10336917906;S
20240513;100338;155.41;450;10336917927;B
20240513;100338;155.4;100;10336917958;S
20240513;100338;155.41;330;10336917997;B
20240513;100339;155.41;70;10336918094;B
20240513;100339;155.41;10;10336918120;B
20240513;100339;155.41;30;10336918221;B
20240513;100340;155.41;400;10336918380;B
20240513;100340;155.41;10;10336918398;B
20240513;100341;155.4;100;10336918491;S
20240513;100341;155.41;10;10336918580;B
20240513;100342;155.4;5000;10336918769;S
20240513;100342;155.41;10;10336918830;B
20240513;100343;155.41;80;10336919075;B
20240513;100345;155.41;70;10336919426;B
20240513;100346;155.41;100;10336919444;B
20240513;100346;155.41;300;10336919478;B
20240513;100347;155.4;10;10336919614;S
20240513;100347;155.41;10;10336919685;B
20240513;100347;155.41;8220;10336919736;B
20240513;100347;155.41;1200;10336919737;B
20240513;100347;155.41;50;10336919738;B
20240513;100347;155.41;1170;10336919739;B
20240513;100347;155.41;1620;10336919740;B
20240513;100347;155.41;3000;10336919741;B
20240513;100347;155.41;630;10336919742;B
20240513;100347;155.42;10;10336919743;B
20240513;100347;155.42;300;10336919744;B
20240513;100347;155.43;19380;10336919745;B
20240513;100347;155.43;110;10336919746;B
20240513;100347;155.43;1000;10336919747;B
20240513;100347;155.43;20;10336919748;B
20240513;100347;155.43;280;10336919749;B
20240513;100347;155.44;60;10336919750;B
20240513;100347;155.44;10;10336919751;B
20240513;100347;155.44;2940;10336919752;B
20240513;100350;155.41;100;10336920202;B
20240513;100350;155.43;1180;10336920203;B
20240513;100350;155.43;30;10336920246;B
20240513;100350;155.41;20;10336920257;S
20240513;100350;155.4;180;10336920258;S
20240513;100351;155.4;2000;10336920421;S
20240513;100352;155.4;30;10336920615;S
20240513;100352;155.4;50;10336920729;S
20240513;100353;155.41;40;10336920887;B
20240513;100354;155.4;6270;10336921128;S
20240513;100354;155.4;6000;10336921195;S
20240513;100354;155.4;1000;10336921236;S
20240513;100355;155.41;500;10336921404;B
20240513;100356;155.41;100;10336921535;B
20240513;100356;155.4;60;10336921537;S
20240513;100356;155.4;240;10336921538;S
20240513;100357;155.4;40;10336921761;S
20240513;100357;155.41;50;10336921764;B
20240513;100357;155.41;30;10336921767;B
20240513;100357;155.41;1540;10336921771;B
20240513;100357;155.41;630;10336921772;B
20240513;100357;155.41;1270;10336921773;B
20240513;100357;155.41;250;10336921774;B
20240513;100357;155.41;1170;10336921775;B
20240513;100357;155.42;20;10336921865;B
20240513;100358;155.42;4170;10336921950;B
20240513;100358;155.42;3000;10336921951;B
20240513;100358;155.42;1170;10336921952;B
20240513;100358;155.43;30;10336921953;B
20240513;100358;155.43;630;10336921954;B
20240513;100358;155.43;1280;10336921955;B
20240513;100358;155.44;7060;10336921956;B
20240513;100358;155.44;30;10336921957;B
20240513;100358;155.44;10;10336921958;B
20240513;100358;155.44;10;10336921959;B
20240513;100358;155.44;2020;10336921960;B
20240513;100358;155.44;520;10336921961;B
20240513;100358;155.44;300;10336921962;B
20240513;100358;155.45;500;10336921963;B
20240513;100358;155.45;10;10336921964;B
20240513;100358;155.45;500;10336921965;B
20240513;100358;155.45;50;10336921966;B
20240513;100358;155.45;100;10336921967;B
20240513;100358;155.45;1000;10336921968;B
20240513;100358;155.45;100;10336921969;B
20240513;100358;155.45;100;10336921970;B
20240513;100358;155.45;50;10336921971;B
20240513;100358;155.46;60;10336921972;B
20240513;100358;155.46;10;10336921973;B
20240513;100358;155.46;20;10336921974;B
20240513;100358;155.47;500;10336921975;B
20240513;100358;155.47;10;10336921976;B
20240513;100358;155.47;1620;10336921977;B
20240513;100358;155.47;800;10336921978;B
20240513;100358;155.48;100;10336921979;B
20240513;100358;155.48;10;10336921980;B
20240513;100358;155.48;100;10336921981;B
20240513;100358;155.48;6430;10336921982;B
20240513;100358;155.48;10;10336921983;B
20240513;100358;155.48;100;10336921984;B
20240513;100358;155.48;250;10336921985;B
20240513;100358;155.48;1000;10336921986;B
20240513;100358;155.49;10;10336921987;B
20240513;100358;155.49;10;10336921988;B
20240513;100358;155.49;160;10336921989;B
20240513;100358;155.49;50;10336921990;B
20240513;100358;155.49;50;10336921991;B
20240513;100358;155.49;500;10336921992;B
20240513;100358;155.49;160;10336921993;B
20240513;100358;155.49;2000;10336921994;B
20240513;100358;155.49;1000;10336921995;B
20240513;100358;155.49;250;10336921996;B
20240513;100358;155.49;10;10336921997;B
20240513;100358;155.5;10;10336921998;B
20240513;100358;155.5;10;10336921999;B
20240513;100358;155.5;70;10336922000;B
20240513;100358;155.5;2000;10336922001;B
20240513;100358;155.5;30;10336922002;B
20240513;100358;155.5;100;10336922003;B
20240513;100358;155.5;10;10336922004;B
20240513;100358;155.5;7540;10336922005;B
20240513;100358;155.5;520;10336922006;B
20240513;100358;155.5;20;10336922007;B
20240513;100358;155.5;200;10336922008;B
20240513;100358;155.5;10;10336922009;B
20240513;100358;155.5;50;10336922010;B
20240513;100358;155.5;600;10336922011;B
20240513;100358;155.5;60;10336922012;B
20240513;100358;155.5;10;10336922013;B
20240513;100358;155.5;460;10336922014;B
20240513;100358;155.5;10;10336922015;B
20240513;100358;155.5;2000;10336922016;B
20240513;100358;155.5;200;10336922017;B
20240513;100358;155.5;100;10336922018;B
20240513;100358;155.5;250;10336922019;B
20240513;100358;155.5;1000;10336922020;B
20240513;100358;155.5;100;10336922021;B
20240513;100358;155.5;100;10336922022;B
20240513;100358;155.5;500;10336922023;B
20240513;100358;155.5;10;10336922024;B
20240513;100358;155.5;10;10336922025;B
20240513;100358;155.5;100;10336922026;B
20240513;100358;155.5;500;10336922027;B
20240513;100358;155.5;50;10336922028;B
20240513;100358;155.5;100;10336922029;B
20240513;100358;155.5;10;10336922030;B
20240513;100358;155.5;360;10336922031;B
20240513;100358;155.5;30;10336922032;B
20240513;100358;155.5;100;10336922033;B
20240513;100358;155.5;2010;10336922034;B
20240513;100358;155.5;500;10336922073;S
20240513;100358;155.51;150;10336922076;B
20240513;100358;155.5;20;10336922125;S
20240513;100358;155.51;50;10336922157;B
20240513;100358;155.51;650;10336922158;B
20240513;100359;155.51;1170;10336922173;B
20240513;100359;155.52;20;10336922174;B
20240513;100359;155.52;1280;10336922175;B
20240513;100359;155.53;1620;10336922176;B
20240513;100359;155.53;630;10336922177;B
20240513;100359;155.53;300;10336922178;B
20240513;100359;155.54;500;10336922179;B
20240513;100359;155.54;500;10336922180;B
20240513;100359;155.54;250;10336922181;B
20240513;100359;155.54;100;10336922182;B
20240513;100359;155.54;10;10336922183;B
20240513;100359;155.54;20;10336922184;B
20240513;100359;155.55;1000;10336922185;B
20240513;100359;155.55;20;10336922186;B
20240513;100359;155.55;250;10336922187;B
20240513;100359;155.55;10;10336922188;B
20240513;100359;155.55;10000;10336922189;B
20240513;100359;155.55;1000;10336922190;B
20240513;100359;155.56;510;10336922191;B
20240513;100359;155.56;10;10336922192;B
20240513;100359;155.56;800;10336922193;B
20240513;100359;155.5;10;10336922212;S
20240513;100359;155.5;10;10336922213;S
20240513;100359;155.54;40;10336922219;B
20240513;100359;155.5;80;10336922224;S
20240513;100359;155.5;50;10336922225;S
20240513;100359;155.5;190;10336922227;S
20240513;100359;155.5;310;10336922228;S
20240513;100359;155.5;490;10336922249;S
20240513;100359;155.5;570;10336922250;S
20240513;100359;155.54;70;10336922251;B
20240513;100359;155.5;10;10336922270;S
20240513;100359;155.5;1700;10336922273;S
20240513;100359;155.5;300;10336922274;S
20240513;100359;155.5;9900;10336922275;S
20240513;100359;155.5;10;10336922297;S
20240513;100359;155.5;200;10336922332;S
20240513;100359;155.51;20;10336922355;B
20240513;100359;155.52;20;10336922356;B
20240513;100359;155.5;50;10336922368;S
20240513;100400;155.5;200;10336922460;S
20240513;100400;155.5;50;10336922484;S
20240513;100400;155.5;20;10336922488;S
20240513;100401;155.51;10;10336922672;S
20240513;100401;155.53;10;10336922738;B
20240513;100401;155.53;600;10336922759;B
20240513;100401;155.53;20;10336922760;B
20240513;100401;155.53;980;10336922764;S
20240513;100401;155.53;20;10336922765;S
20240513;100401;155.53;30;10336922891;S
20240513;100402;155.54;20;10336923112;B
20240513;100403;155.53;10;10336923420;S
20240513;100403;155.54;100;10336923485;B
20240513;100405;155.54;100;10336923965;B
20240513;100407;155.53;10;10336924270;S
20240513;100407;155.53;90;10336924285;S
20240513;100407;155.53;200;10336924286;S
20240513;100407;155.53;400;10336924287;S
20240513;100407;155.53;810;10336924288;S
20240513;100407;155.54;20;10336924329;B
20240513;100407;155.54;10;10336924349;B
20240513;100407;155.53;20;10336924354;S
20240513;100408;155.54;10;10336924548;B
20240513;100408;155.53;10;10336924617;S
20240513;100408;155.53;10;10336924625;S
20240513;100408;155.54;100;10336924715;B
20240513;100409;155.53;40;10336924762;S
20240513;100409;155.54;10;10336924936;B
20240513;100410;155.54;10;10336925177;B
20240513;100410;155.54;630;10336925244;B
20240513;100410;155.54;1000;10336925245;B
20240513;100410;155.54;10;10336925246;B
20240513;100410;155.54;300;10336925247;B
20240513;100410;155.55;10;10336925248;B
20240513;100410;155.55;10;10336925249;B
20240513;100410;155.55;1040;10336925250;B
20240513;100411;155.54;300;10336925356;B
20240513;100411;155.54;630;10336925357;B
20240513;100411;155.55;60;10336925358;B
20240513;100411;155.55;1170;10336925359;B
20240513;100411;155.55;1230;10336925360;B
20240513;100411;155.56;10;10336925361;B
20240513;100411;155.56;1380;10336925362;B
20240513;100411;155.56;5000;10336925363;B
20240513;100411;155.56;10;10336925364;B
20240513;100411;155.56;10;10336925365;B
20240513;100411;155.57;1000;10336925366;B
20240513;100411;155.57;200;10336925367;B
20240513;100411;155.57;500;10336925368;B
20240513;100411;155.57;250;10336925369;B
20240513;100411;155.57;100;10336925370;B
20240513;100411;155.58;2550;10336925371;B
20240513;100411;155.58;100;10336925372;B
20240513;100411;155.58;50;10336925373;B
20240513;100411;155.58;50;10336925374;B
20240513;100411;155.58;5000;10336925375;B
20240513;100411;155.58;250;10336925376;B
20240513;100411;155.58;20;10336925377;B
20240513;100411;155.58;1000;10336925378;B
20240513;100411;155.59;5000;10336925379;B
20240513;100411;155.59;300;10336925380;B
20240513;100411;155.59;10;10336925381;B
20240513;100411;155.59;10;10336925382;B
20240513;100411;155.59;10;10336925383;B
20240513;100411;155.59;250;10336925384;B
20240513;100411;155.59;800;10336925385;B
20240513;100411;155.59;2020;10336925386;B
20240513;100411;155.59;1000;10336925387;B
20240513;100411;155.6;20;10336925388;B
20240513;100411;155.6;500;10336925389;B
20240513;100411;155.6;10;10336925390;B
20240513;100411;155.6;10000;10336925391;B
20240513;100411;155.6;10;10336925392;B
20240513;100411;155.6;5000;10336925393;B
20240513;100411;155.6;10;10336925394;B
20240513;100411;155.6;10;10336925395;B
20240513;100411;155.6;50;10336925396;B
20240513;100411;155.6;800;10336925397;B
20240513;100411;155.6;10;10336925398;B
20240513;100411;155.6;250;10336925399;B
20240513;100411;155.6;1000;10336925400;B
20240513;100411;155.61;1000;10336925401;B
20240513;100411;155.61;100;10336925402;B
20240513;100411;155.61;250;10336925403;B
20240513;100411;155.61;710;10336925404;B
20240513;100411;155.55;200;10336925406;B
20240513;100411;155.59;100;10336925407;B
20240513;100411;155.58;10;10336925485;B
20240513;100412;155.58;20;10336925533;B
20240513;100412;155.55;100;10336925539;S
20240513;100412;155.58;60;10336925580;B
20240513;100412;155.58;1170;10336925581;B
20240513;100412;155.59;570;10336925582;B
20240513;100412;155.59;10;10336925594;B
20240513;100412;155.59;40;10336925595;B
20240513;100412;155.55;200;10336925622;S
20240513;100412;155.55;10;10336925624;S
20240513;100413;155.59;960;10336925785;B
20240513;100413;155.58;10;10336925814;B
20240513;100414;155.53;20;10336925965;S
20240513;100414;155.54;10;10336926037;B
20240513;100414;155.53;20;10336926056;S
20240513;100415;155.54;10;10336926061;B
20240513;100415;155.53;50;10336926101;S
20240513;100415;155.53;110;10336926198;S
20240513;100415;155.5;90;10336926199;S
20240513;100416;155.54;300;10336926320;B
20240513;100416;155.54;850;10336926336;B
20240513;100416;155.55;20000;10336926337;B
20240513;100416;155.55;630;10336926338;B
20240513;100416;155.55;300;10336926339;B
20240513;100416;155.58;250;10336926340;B
20240513;100416;155.58;400;10336926341;B
20240513;100416;155.59;250;10336926342;B
20240513;100416;155.59;800;10336926343;B
20240513;100416;155.6;250;10336926344;B
20240513;100416;155.6;100;10336926345;B
20240513;100416;155.6;10;10336926346;B
20240513;100416;155.6;10;10336926347;B
20240513;100416;155.6;20;10336926348;B
20240513;100416;155.6;1000;10336926349;B
20240513;100416;155.61;250;10336926350;B
20240513;100416;155.61;1000;10336926351;B
20240513;100416;155.62;5000;10336926352;B
20240513;100416;155.62;10;10336926353;B
20240513;100416;155.62;250;10336926354;B
20240513;100416;155.62;1000;10336926355;B
20240513;100416;155.63;500;10336926356;B
20240513;100416;155.63;1000;10336926357;B
20240513;100416;155.63;250;10336926358;B
20240513;100416;155.63;100;10336926359;B
20240513;100416;155.63;30;10336926360;B
20240513;100416;155.63;3900;10336926361;B
20240513;100416;155.64;50;10336926362;B
20240513;100416;155.64;100;10336926363;B
20240513;100416;155.64;1000;10336926364;B
20240513;100416;155.64;250;10336926365;B
20240513;100416;155.64;6000;10336926366;B
20240513;100416;155.65;10;10336926367;B
20240513;100416;155.65;250;10336926368;B
20240513;100416;155.65;1000;10336926369;B
20240513;100416;155.65;250;10336926370;B
20240513;100416;155.66;1000;10336926371;B
20240513;100416;155.66;250;10336926372;B
20240513;100416;155.66;10;10336926373;B
20240513;100416;155.66;10;10336926374;B
20240513;100416;155.66;1600;10336926375;B
20240513;100416;155.66;60;10336926376;B
20240513;100416;155.64;250;10336926377;B
20240513;100416;155.65;750;10336926378;B
20240513;100416;155.63;10;10336926383;B
20240513;100416;155.55;250;10336926432;S
20240513;100416;155.61;10;10336926441;B
20240513;100416;155.61;90;10336926457;B
20240513;100417;155.61;10;10336926552;S
20240513;100417;155.61;10;10336926691;S
20240513;100420;155.61;100;10336927287;S
20240513;100420;155.62;30;10336927293;B
20240513;100420;155.61;100;10336927316;S
20240513;100420;155.61;10;10336927321;S
20240513;100421;155.62;70;10336927407;B
20240513;100421;155.62;200;10336927474;B
20240513;100421;155.61;680;10336927504;S
20240513;100421;155.61;1320;10336927505;S
20240513;100422;155.59;100;10336927782;B
20240513;100423;155.57;200;10336927849;S
20240513;100423;155.59;10;10336927897;B
20240513;100424;155.59;20;10336928110;B
20240513;100425;155.59;50;10336928218;B
20240513;100425;155.59;100;10336928277;B
20240513;100425;155.59;140;10336928371;B
20240513;100426;155.57;770;10336928429;S
20240513;100427;155.59;210;10336928681;B
20240513;100427;155.59;300;10336928682;B
20240513;100427;155.6;30;10336928683;B
20240513;100427;155.61;750;10336928684;B
20240513;100427;155.61;20;10336928685;B
20240513;100427;155.61;10;10336928686;B
20240513;100427;155.61;40;10336928687;B
20240513;100427;155.62;640;10336928688;B
20240513;100428;155.57;20;10336929131;B
20240513;100428;155.57;30;10336929140;B
20240513;100429;155.54;10;10336929168;S
20240513;100430;155.57;10;10336929420;B
20240513;100432;155.57;200;10336929819;B
20240513;100432;155.58;440;10336929820;B
20240513;100432;155.55;10;10336929829;S
20240513;100432;155.55;10;10336929881;S
20240513;100432;155.58;60;10336929901;B
20240513;100432;155.58;240;10336929902;B
20240513;100432;155.56;20;10336929941;S
20240513;100433;155.56;40;10336929962;S
20240513;100433;155.58;390;10336930174;B
20240513;100433;155.58;100;10336930175;B
20240513;100433;155.58;140;10336930176;B
20240513;100433;155.59;130;10336930177;B
20240513;100434;155.56;10;10336930297;S
20240513;100434;155.59;100;10336930445;B
20240513;100434;155.59;450;10336930448;B
20240513;100436;155.59;80;10336930833;B
20240513;100436;155.59;100;10336930834;B
20240513;100436;155.59;130;10336930835;B
20240513;100438;155.57;100;10336931335;S
20240513;100438;155.57;2000;10336931336;S
20240513;100438;155.57;2000;10336931337;S
20240513;100438;155.56;30;10336931338;S
20240513;100438;155.56;300;10336931339;S
20240513;100438;155.56;1090;10336931340;S
20240513;100438;155.55;80;10336931341;S
20240513;100438;155.55;800;10336931342;S
20240513;100438;155.54;20;10336931343;S
20240513;100438;155.54;50;10336931344;S
20240513;100438;155.54;330;10336931345;S
20240513;100438;155.53;100;10336931346;S
20240513;100438;155.53;150;10336931347;S
20240513;100438;155.52;20;10336931348;S
20240513;100438;155.5;1690;10336931349;S
20240513;100438;155.5;10;10336931350;S
20240513;100438;155.5;1230;10336931351;S
20240513;100438;155.56;40;10336931381;B
20240513;100439;155.5;300;10336931471;S
20240513;100439;155.54;10;10336931499;B
20240513;100439;155.54;620;10336931512;B
20240513;100439;155.55;300;10336931513;B
20240513;100439;155.56;300;10336931514;B
20240513;100439;155.57;1080;10336931515;B
20240513;100439;155.58;800;10336931516;B
20240513;100439;155.59;1230;10336931517;B
20240513;100439;155.59;670;10336931518;B
20240513;100440;155.56;40;10336931732;B
20240513;100440;155.5;2000;10336931820;S
20240513;100440;155.5;30;10336931832;S
20240513;100441;155.54;630;10336931985;B
20240513;100441;155.55;300;10336931986;B
20240513;100441;155.57;30;10336931987;B
20240513;100441;155.58;810;10336931988;B
20240513;100441;155.58;250;10336931989;B
20240513;100441;155.59;250;10336931990;B
20240513;100441;155.59;20;10336931991;B
20240513;100441;155.59;3500;10336931992;B
20240513;100441;155.59;210;10336931993;B
20240513;100441;155.5;1000;10336932029;S
20240513;100443;155.51;50;10336932465;S
20240513;100443;155.54;20;10336932491;B
20240513;100443;155.53;30;10336932571;S
20240513;100443;155.54;10;10336932581;B
20240513;100444;155.53;270;10336932608;S
20240513;100444;155.52;40;10336932609;S
20240513;100444;155.51;740;10336932610;S
20240513;100444;155.5;810;10336932611;S
20240513;100444;155.5;1140;10336932612;S
20240513;100444;155.51;10;10336932638;S
20240513;100444;155.54;10;10336932822;B
20240513;100444;155.54;50;10336932825;B
20240513;100444;155.54;540;10336932858;B
20240513;100446;155.56;100;10336933261;B
20240513;100446;155.56;200;10336933262;B
20240513;100446;155.56;10;10336933328;B
20240513;100446;155.55;90;10336933399;S
20240513;100447;155.56;150;10336933485;B
20240513;100447;155.56;270;10336933571;B
20240513;100447;155.56;500;10336933572;B
20240513;100447;155.58;10;10336933608;B
20240513;100447;155.58;90;10336933609;B
20240513;100448;155.58;540;10336933623;B
20240513;100448;155.59;1000;10336933624;B
20240513;100448;155.59;10;10336933625;B
20240513;100448;155.59;500;10336933626;B
20240513;100448;155.59;1060;10336933627;B
20240513;100448;155.59;100;10336933628;B
20240513;100448;155.6;500;10336933629;B
20240513;100448;155.6;100;10336933630;B
20240513;100448;155.6;2000;10336933631;B
20240513;100448;155.6;420;10336933632;B
20240513;100448;155.6;3770;10336933633;B
20240513;100448;155.6;6000;10336933637;B
20240513;100448;155.58;370;10336933681;S
20240513;100448;155.57;2230;10336933682;S
20240513;100448;155.56;1060;10336933683;S
20240513;100448;155.56;800;10336933684;S
20240513;100448;155.55;1440;10336933685;S
20240513;100450;155.55;10;10336934046;S
20240513;100451;155.55;150;10336934221;S
20240513;100451;155.55;110;10336934236;S
20240513;100451;155.56;10;10336934242;S
20240513;100451;155.55;10;10336934243;S
20240513;100452;155.58;10;10336934325;B
20240513;100453;155.58;90;10336934466;B
20240513;100453;155.58;630;10336934467;B
20240513;100453;155.58;300;10336934468;B
20240513;100453;155.59;100;10336934469;B
20240513;100453;155.59;400;10336934470;B
20240513;100453;155.59;500;10336934471;B
20240513;100453;155.59;1000;10336934472;B
20240513;100453;155.59;100;10336934473;B
20240513;100453;155.59;100;10336934474;B
20240513;100453;155.6;6780;10336934475;B
20240513;100453;155.56;10;10336934567;S
20240513;100453;155.56;40;10336934568;S
