<DATE>;<TIME>;<LAST>;<VOL>;<ID>;<OPER>
20240304;095957;161.49;60;9735699750;S
20240304;095957;161.49;10;9735699751;S
20240304;095957;161.49;140;9735699752;S
20240304;095957;161.49;140;9735699753;S
20240304;095957;161.49;60;9735699754;S
20240304;095957;161.49;10;9735699755;S
20240304;095957;161.49;140;9735699756;S
20240304;095957;161.49;70;9735699757;S
20240304;095957;161.49;140;9735699758;S
20240304;095957;161.49;70;9735699759;S
20240304;095957;161.49;140;9735699760;S
20240304;095957;161.49;70;9735699761;S
20240304;095957;161.49;140;9735699762;S
20240304;095957;161.49;70;9735699763;S
20240304;095957;161.49;140;9735699764;S
20240304;095957;161.49;20;9735699765;S
20240304;095957;161.49;20;9735699766;S
20240304;095957;161.49;10;9735699767;S
20240304;095957;161.49;20;9735699768;S
20240304;095957;161.49;140;9735699769;S
20240304;095957;161.49;40;9735699770;S
20240304;095957;161.49;30;9735699771;S
20240304;095957;161.49;10;9735699772;S
20240304;095957;161.49;30;9735699773;S
20240304;095957;161.49;30;9735699774;S
20240304;095957;161.49;30;9735699775;S
20240304;095957;161.49;70;9735699776;S
20240304;095957;161.49;40;9735699777;S
20240304;095957;161.49;100;9735699778;S
20240304;095957;161.49;10;9735699779;S
20240304;095957;161.49;60;9735699780;S
20240304;095957;161.49;10;9735699781;S
20240304;095957;161.49;10;9735699782;S
20240304;095957;161.49;10;9735699783;B
20240304;095957;161.49;40;9735699784;S
20240304;095957;161.49;10;9735699785;S
20240304;095957;161.49;20;9735699786;S
20240304;095957;161.49;50;9735699787;B
20240304;095957;161.49;10;9735699788;B
20240304;095957;161.49;50;9735699789;B
20240304;095957;161.49;10;9735699790;B
20240304;095957;161.49;500;9735699791;B
20240304;095957;161.49;100;9735699792;B
20240304;095957;161.49;310;9735699793;B
20240304;095957;161.49;10;9735699794;B
20240304;095957;161.49;1960;9735699795;B
20240304;095957;161.49;300;9735699796;S
20240304;095957;161.49;10;9735699797;B
20240304;095957;161.49;2730;9735699798;B
20240304;095957;161.49;10;9735699799;B
20240304;095957;161.49;70;9735699800;B
20240304;095957;161.49;140;9735699801;B
20240304;095957;161.49;50;9735699802;B
20240304;095957;161.49;10;9735699803;B
20240304;095957;161.49;850;9735699804;B
20240304;095957;161.49;100;9735699805;B
20240304;095957;161.49;10;9735699806;B
20240304;095957;161.49;20;9735699807;B
20240304;095957;161.49;10;9735699808;B
20240304;095957;161.49;1000;9735699809;B
20240304;095957;161.49;10;9735699810;B
20240304;095957;161.49;190;9735699811;B
20240304;095957;161.49;20;9735699812;B
20240304;095957;161.49;1000;9735699813;B
20240304;095957;161.49;10;9735699814;B
20240304;095957;161.49;10;9735699815;B
20240304;095957;161.49;10;9735699816;B
20240304;095957;161.49;10;9735699817;B
20240304;095957;161.49;10;9735699818;B
20240304;095957;161.49;10;9735699819;B
20240304;095957;161.49;10;9735699820;B
20240304;095957;161.49;10;9735699821;B
20240304;095957;161.49;10;9735699822;B
20240304;095957;161.49;2690;9735699823;B
20240304;095957;161.49;20;9735699824;S
20240304;095957;161.49;30;9735699825;B
20240304;095957;161.49;40;9735699826;B
20240304;095957;161.49;10;9735699827;S
20240304;095957;161.49;90;9735699828;B
20240304;095957;161.49;2500;9735699829;B
20240304;095957;161.49;13000;9735699830;B
20240304;095957;161.49;100;9735699831;B
20240304;095957;161.49;450;9735699832;B
20240304;095957;161.49;10;9735699833;B
20240304;095957;161.49;60;9735699834;B
20240304;095957;161.49;30;9735699835;B
20240304;095957;161.49;10;9735699836;B
20240304;095957;161.49;10;9735699837;B
20240304;095957;161.49;20;9735699838;B
20240304;095957;161.49;30;9735699839;B
20240304;095957;161.49;100;9735699840;B
20240304;095957;161.49;10;9735699841;B
20240304;095957;161.49;10;9735699842;B
20240304;095957;161.49;70;9735699843;B
20240304;095957;161.49;20;9735699844;B
20240304;095957;161.49;10;9735699845;B
20240304;095957;161.49;20;9735699846;B
20240304;095957;161.49;30;9735699847;B
20240304;095957;161.49;20;9735699848;B
20240304;095957;161.49;10;9735699849;B
20240304;095957;161.49;10;9735699850;B
20240304;095957;161.49;10;9735699851;B
20240304;095957;161.49;10;9735699852;B
20240304;095957;161.49;90;9735699853;B
20240304;095957;161.49;4120;9735699854;B
20240304;095957;161.49;30;9735699855;B
20240304;095957;161.49;10;9735699856;B
20240304;095957;161.49;10;9735699857;B
20240304;095957;161.49;10;9735699858;B
20240304;095957;161.49;20;9735699859;B
20240304;095957;161.49;10;9735699860;B
20240304;095957;161.49;10;9735699861;B
20240304;095957;161.49;10;9735699862;B
20240304;095957;161.49;10;9735699863;B
20240304;095957;161.49;10;9735699864;B
20240304;095957;161.49;10;9735699865;B
20240304;095957;161.49;10;9735699866;B
20240304;095957;161.49;10;9735699867;B
20240304;095957;161.49;20;9735699868;B
20240304;095957;161.49;10;9735699869;B
20240304;095957;161.49;10;9735699870;B
20240304;095957;161.49;80;9735699871;B
20240304;095957;161.49;10;9735699872;B
20240304;095957;161.49;10;9735699873;B
20240304;095957;161.49;20;9735699874;B
20240304;095957;161.49;20;9735699875;B
20240304;095957;161.49;10;9735699876;B
20240304;095957;161.49;10;9735699877;B
20240304;095957;161.49;50;9735699878;B
20240304;095957;161.49;30;9735699879;B
20240304;095957;161.49;10;9735699880;B
20240304;095957;161.49;10;9735699881;B
20240304;095957;161.49;10;9735699882;B
20240304;095957;161.49;40;9735699883;B
20240304;095957;161.49;260;9735699884;B
20240304;095957;161.49;30;9735699885;B
20240304;095957;161.49;20;9735699886;B
20240304;095957;161.49;750;9735699887;B
20240304;095957;161.49;7540;9735699888;B
20240304;095957;161.49;50;9735699889;B
20240304;095957;161.49;80;9735699890;B
20240304;095957;161.49;30;9735699891;B
20240304;095957;161.49;500;9735699892;S
20240304;095957;161.49;60;9735699893;S
20240304;095957;161.49;20;9735699894;S
20240304;095957;161.49;100;9735699895;B
20240304;095957;161.49;130;9735699896;B
20240304;095957;161.49;10;9735699897;B
20240304;095957;161.49;190;9735699898;B
20240304;095957;161.49;40;9735699899;B
20240304;095957;161.49;10;9735699900;B
20240304;095957;161.49;10;9735699901;B
20240304;095957;161.49;10;9735699902;B
20240304;095957;161.49;530;9735699903;B
20240304;095957;161.49;20;9735699904;B
20240304;095957;161.49;10;9735699905;B
20240304;095957;161.49;3000;9735699906;B
20240304;095957;161.49;10;9735699907;B
20240304;095957;161.49;90;9735699908;B
20240304;095957;161.49;10;9735699909;B
20240304;095957;161.49;10;9735699910;S
20240304;095957;161.49;40;9735699911;S
20240304;095957;161.49;10;9735699912;B
20240304;095957;161.49;10;9735699913;B
20240304;095957;161.49;10;9735699914;B
20240304;100000;161.49;100;9735700533;B
20240304;100000;161.49;100;9735700534;B
20240304;100000;161.49;300;9735700535;B
20240304;100000;161.49;100;9735700538;B
20240304;100000;161.49;650;9735700539;B
20240304;100000;161.49;50;9735700540;B
20240304;100000;161.49;100;9735700541;B
20240304;100000;161.5;100;9735700542;B
20240304;100000;161.5;500;9735700543;B
20240304;100000;161.5;300;9735700544;B
20240304;100000;161.5;300;9735700551;B
20240304;100000;161.5;100;9735700554;B
20240304;100000;161.5;100;9735700561;B
20240304;100000;161.5;200;9735700562;B
20240304;100000;161.5;100;9735700568;B
20240304;100000;161.5;200;9735700576;B
20240304;100000;161.5;100;9735700582;B
20240304;100000;161.5;200;9735700583;B
20240304;100000;161.5;100;9735700604;B
20240304;100000;161.5;100;9735700605;B
20240304;100000;161.5;300;9735700609;B
20240304;100000;161.5;100;9735700618;B
20240304;100000;161.5;200;9735700619;B
20240304;100000;161.5;100;9735700665;B
20240304;100000;161.5;200;9735700666;B
20240304;100000;161.5;310;9735700681;B
20240304;100000;161.5;100;9735700685;B
20240304;100000;161.5;700;9735700686;B
20240304;100000;161.5;10;9735700702;B
20240304;100000;161.5;300;9735700707;B
20240304;100000;161.5;100;9735700708;B
20240304;100000;161.49;190;9735700724;S
20240304;100000;161.5;180;9735700777;B
20240304;100000;161.49;10;9735700882;S
20240304;100000;161.5;600;9735701360;B
20240304;100000;161.5;600;9735701398;B
20240304;100000;161.5;1200;9735701435;B
20240304;100000;161.5;100;9735701621;B
20240304;100000;161.5;40;9735701792;B
20240304;100000;161.5;210;9735701803;B
20240304;100001;161.5;400;9735702189;B
20240304;100001;161.5;500;9735702455;B
20240304;100001;161.5;300;9735702518;B
20240304;100001;161.5;2000;9735702541;B
20240304;100001;161.5;100;9735702763;B
20240304;100001;161.5;150;9735702799;B
20240304;100001;161.49;10;9735703076;S
20240304;100001;161.49;50;9735703123;S
20240304;100001;161.5;1800;9735703316;B
20240304;100001;161.5;10;9735703468;B
20240304;100001;161.5;3520;9735703579;B
20240304;100001;161.5;100;9735703642;B
20240304;100001;161.5;100;9735703653;B
20240304;100002;161.49;50;9735703746;S
20240304;100002;161.5;10;9735704771;B
20240304;100004;161.5;10;9735706061;B
20240304;100005;161.5;10;9735706745;B
20240304;100005;161.5;20;9735706950;B
20240304;100005;161.49;10;9735707111;S
20240304;100005;161.49;40;9735707117;S
20240304;100005;161.5;10;9735707410;B
20240304;100005;161.5;10;9735707574;B
20240304;100005;161.5;20;9735707582;B
20240304;100005;161.49;30;9735707585;S
20240304;100005;161.49;80;9735707586;S
20240304;100005;161.5;30;9735707595;B
20240304;100005;161.5;10;9735707597;B
20240304;100005;161.5;10;9735707607;B
20240304;100005;161.49;10;9735707608;S
20240304;100005;161.5;400;9735707610;B
20240304;100005;161.5;80;9735707612;B
20240304;100005;161.5;10;9735707615;B
20240304;100005;161.5;10;9735707706;B
20240304;100005;161.49;10;9735707709;S
20240304;100005;161.49;60;9735707712;S
20240304;100006;161.5;10;9735707717;B
20240304;100006;161.5;10;9735707720;B
20240304;100006;161.5;10;9735707724;B
20240304;100006;161.5;10;9735707726;B
20240304;100006;161.5;10;9735707733;B
20240304;100006;161.5;10;9735707734;B
20240304;100006;161.49;10;9735707736;S
20240304;100006;161.5;10;9735707742;B
20240304;100006;161.5;120;9735707746;B
20240304;100006;161.5;10;9735707747;B
20240304;100006;161.49;10;9735707751;S
20240304;100006;161.49;50;9735707756;S
20240304;100006;161.49;10;9735707759;S
20240304;100006;161.5;20;9735707973;B
20240304;100006;161.49;20;9735707980;S
20240304;100006;161.5;10;9735707986;B
20240304;100006;161.5;700;9735707999;B
20240304;100006;161.5;10;9735708001;B
20240304;100006;161.49;10;9735708009;S
20240304;100006;161.5;10;9735708013;B
20240304;100006;161.49;20;9735708018;S
20240304;100006;161.5;50;9735708066;B
20240304;100006;161.5;10;9735708071;B
20240304;100006;161.5;20;9735708075;B
20240304;100006;161.5;10;9735708081;B
20240304;100006;161.5;10;9735708083;B
20240304;100006;161.5;10;9735708085;B
20240304;100006;161.5;10;9735708095;B
20240304;100006;161.5;10;9735708100;B
20240304;100006;161.49;20;9735708101;S
20240304;100006;161.5;70;9735708104;B
20240304;100006;161.5;40;9735708645;B
20240304;100006;161.5;40;9735708952;B
20240304;100006;161.49;10;9735708954;S
20240304;100006;161.49;10;9735708956;S
20240304;100006;161.5;10;9735709105;B
20240304;100006;161.49;10;9735709111;S
20240304;100006;161.5;60;9735709113;B
20240304;100006;161.5;10;9735709116;B
20240304;100006;161.5;10;9735709117;B
20240304;100006;161.5;10;9735709121;B
20240304;100006;161.49;10;9735709122;S
20240304;100006;161.49;10;9735709126;S
20240304;100006;161.5;20;9735709127;B
20240304;100006;161.49;10;9735709443;S
20240304;100006;161.5;40;9735709446;B
20240304;100006;161.5;20;9735709447;B
20240304;100006;161.5;10;9735709450;B
20240304;100006;161.5;10;9735709455;B
20240304;100006;161.5;10;9735709456;B
20240304;100006;161.5;10;9735709459;B
20240304;100006;161.49;60;9735709461;S
20240304;100006;161.49;40;9735709462;S
20240304;100006;161.5;10;9735709466;B
20240304;100006;161.49;10;9735709467;S
20240304;100006;161.49;30;9735709468;S
20240304;100006;161.5;10;9735709471;B
20240304;100006;161.49;30;9735709472;S
20240304;100006;161.49;10;9735709473;S
20240304;100006;161.5;100;9735709538;B
20240304;100006;161.5;800;9735709539;B
20240304;100007;161.5;10;9735709792;B
20240304;100007;161.49;10;9735710039;S
20240304;100007;161.49;50;9735710483;S
20240304;100007;161.49;30;9735710484;S
20240304;100007;161.49;10;9735710516;S
20240304;100007;161.5;10;9735710556;B
20240304;100007;161.5;10;9735710562;B
20240304;100007;161.5;10;9735710563;B
20240304;100007;161.5;10;9735710565;B
20240304;100007;161.5;10;9735710566;B
20240304;100007;161.49;20;9735710568;S
20240304;100007;161.49;20;9735710569;S
20240304;100007;161.5;10;9735710572;B
20240304;100007;161.5;10;9735710573;B
20240304;100007;161.5;10;9735710574;B
20240304;100007;161.49;10;9735710575;S
20240304;100007;161.5;10;9735710576;B
20240304;100007;161.5;30;9735710578;B
20240304;100007;161.5;10;9735710664;B
20240304;100007;161.5;10;9735710695;B
20240304;100007;161.49;10;9735710702;S
20240304;100007;161.5;10;9735710707;B
20240304;100007;161.49;10;9735710709;S
20240304;100007;161.5;10;9735710714;B
20240304;100007;161.5;10;9735710718;B
20240304;100007;161.49;20;9735710723;S
20240304;100007;161.5;100;9735710724;B
20240304;100007;161.5;10;9735710738;B
20240304;100007;161.49;30;9735710739;S
20240304;100007;161.49;50;9735710889;S
20240304;100007;161.49;10;9735710975;S
20240304;100007;161.49;10;9735710996;S
20240304;100007;161.49;30;9735711048;S
20240304;100007;161.49;20;9735711063;S
20240304;100007;161.49;10;9735711086;S
20240304;100007;161.49;80;9735711094;S
20240304;100007;161.49;10;9735711107;S
20240304;100007;161.49;10;9735711111;S
20240304;100007;161.49;10;9735711122;S
20240304;100007;161.5;10;9735711130;B
20240304;100007;161.49;20;9735711141;S
20240304;100007;161.5;10;9735711146;B
20240304;100007;161.5;20;9735711594;B
20240304;100007;161.49;10;9735711599;S
20240304;100007;161.5;100;9735711602;B
20240304;100007;161.5;20;9735711607;B
20240304;100007;161.49;20;9735711612;S
20240304;100007;161.49;100;9735711613;S
20240304;100007;161.5;10;9735711622;B
20240304;100007;161.5;10;9735711628;B
20240304;100007;161.49;20;9735711633;S
20240304;100007;161.49;10;9735711653;S
20240304;100008;161.5;20;9735712024;B
20240304;100008;161.5;10;9735712034;B
20240304;100008;161.49;10;9735712043;S
20240304;100008;161.5;10;9735712051;B
20240304;100008;161.5;10;9735712067;B
20240304;100008;161.5;10;9735712079;B
20240304;100008;161.49;50;9735712082;S
20240304;100008;161.49;10;9735712470;S
20240304;100008;161.5;10;9735712500;B
20240304;100008;161.5;10;9735712518;B
20240304;100008;161.49;10;9735712534;S
20240304;100008;161.5;10;9735712556;B
20240304;100008;161.5;30;9735712565;B
20240304;100008;161.49;30;9735712568;S
20240304;100008;161.49;50;9735712582;S
20240304;100008;161.49;30;9735712593;S
20240304;100008;161.49;10;9735712606;S
20240304;100008;161.5;10;9735712638;B
20240304;100008;161.49;10;9735712653;S
20240304;100008;161.5;10;9735712676;B
20240304;100008;161.49;10;9735712692;S
20240304;100008;161.5;40;9735712704;B
20240304;100008;161.5;50;9735712721;B
20240304;100008;161.49;40;9735712736;S
20240304;100008;161.5;10;9735712747;B
20240304;100008;161.5;20;9735712758;B
20240304;100008;161.49;10;9735712771;S
20240304;100008;161.5;10;9735712780;B
20240304;100008;161.5;30;9735712795;B
20240304;100008;161.5;10;9735712800;B
20240304;100008;161.49;10;9735712801;S
20240304;100008;161.5;10;9735712812;B
20240304;100008;161.5;10;9735712817;B
20240304;100008;161.5;10;9735712825;B
20240304;100008;161.49;30;9735712836;S
20240304;100008;161.5;10;9735712843;B
20240304;100008;161.49;10;9735712852;S
20240304;100008;161.49;100;9735712864;S
20240304;100008;161.49;200;9735712865;S
20240304;100008;161.49;300;9735712866;S
20240304;100008;161.49;50;9735712867;S
20240304;100008;161.5;1000;9735712881;B
20240304;100008;161.49;10;9735712891;S
20240304;100008;161.49;10;9735712900;S
20240304;100008;161.5;1000;9735712903;B
20240304;100008;161.49;30;9735712909;S
20240304;100008;161.5;1000;9735712916;B
20240304;100008;161.5;10;9735712918;B
20240304;100008;161.5;1000;9735712923;B
20240304;100008;161.5;10;9735712925;B
20240304;100008;161.5;1000;9735712936;B
20240304;100008;161.49;100;9735712940;S
20240304;100008;161.49;30;9735712941;S
20240304;100008;161.5;1000;9735712946;B
20240304;100008;161.5;10;9735712947;B
20240304;100008;161.5;10;9735712953;B
20240304;100008;161.5;1000;9735712955;B
20240304;100008;161.49;10;9735713005;S
20240304;100008;161.5;1000;9735713009;B
20240304;100008;161.5;90;9735713032;B
20240304;100008;161.5;1000;9735713040;B
20240304;100008;161.49;50;9735713048;S
20240304;100008;161.5;1000;9735713061;B
20240304;100008;161.49;10;9735713071;S
20240304;100008;161.5;1000;9735713074;B
20240304;100008;161.5;30;9735713082;B
20240304;100008;161.5;1000;9735713085;B
20240304;100008;161.5;10;9735713093;B
20240304;100008;161.5;1000;9735713101;B
20240304;100008;161.5;1000;9735713113;B
20240304;100008;161.5;10;9735713114;B
20240304;100008;161.5;100;9735713122;B
20240304;100008;161.5;20;9735713134;B
20240304;100008;161.5;10;9735713144;B
20240304;100008;161.5;10;9735713157;B
20240304;100008;161.49;20;9735713172;S
20240304;100008;161.5;30;9735713175;B
20240304;100008;161.5;10;9735713177;B
20240304;100008;161.49;10;9735713183;S
20240304;100008;161.5;10;9735713198;B
20240304;100008;161.49;20;9735713202;S
20240304;100008;161.5;10;9735713215;B
20240304;100008;161.49;250;9735713219;S
20240304;100008;161.49;250;9735713220;S
20240304;100008;161.5;10;9735713223;B
20240304;100008;161.49;10;9735713235;S
20240304;100008;161.5;10;9735713249;B
20240304;100008;161.49;10;9735713265;S
20240304;100008;161.5;10;9735713279;B
20240304;100008;161.49;10;9735713293;S
20240304;100008;161.49;10;9735713312;S
20240304;100008;161.49;140;9735713325;S
20240304;100008;161.49;30;9735713340;S
20240304;100008;161.49;10;9735713355;S
20240304;100008;161.49;30;9735713493;S
20240304;100008;161.49;870;9735713494;S
20240304;100008;161.49;20;9735713569;S
20240304;100008;161.5;20;9735713579;B
20240304;100008;161.5;10;9735713595;B
20240304;100008;161.5;10;9735713608;B
20240304;100008;161.49;1110;9735713616;S
20240304;100008;161.49;500;9735713617;S
20240304;100008;161.49;100;9735713618;S
20240304;100008;161.49;40;9735713619;S
20240304;100008;161.5;10;9735713622;B
20240304;100008;161.49;20;9735713635;S
20240304;100008;161.49;20;9735713638;S
20240304;100008;161.5;10;9735713643;B
20240304;100008;161.5;10;9735713649;B
20240304;100008;161.5;10;9735713657;B
20240304;100008;161.49;220;9735713663;S
20240304;100008;161.49;90;9735713664;S
20240304;100008;161.5;10;9735713671;B
20240304;100008;161.5;30;9735713681;B
20240304;100008;161.49;10;9735713688;S
20240304;100008;161.5;60;9735713695;B
20240304;100008;161.5;10;9735713700;B
20240304;100008;161.49;100;9735713705;S
20240304;100008;161.49;10;9735714521;S
20240304;100008;161.5;10;9735714522;B
20240304;100008;161.49;10;9735714523;S
20240304;100008;161.5;250;9735714527;B
20240304;100008;161.5;10;9735714529;B
20240304;100008;161.49;10;9735714531;S
20240304;100008;161.5;20;9735714532;B
20240304;100008;161.5;10;9735714533;B
20240304;100008;161.49;10;9735714534;S
20240304;100008;161.5;10;9735714535;B
20240304;100008;161.5;10;9735714538;B
20240304;100008;161.5;10;9735714540;B
20240304;100008;161.49;10;9735714542;S
20240304;100008;161.5;10;9735714543;B
20240304;100008;161.49;50;9735714544;S
20240304;100008;161.5;10;9735714545;B
20240304;100008;161.5;10;9735714546;B
20240304;100008;161.5;30;9735714551;B
20240304;100008;161.5;10;9735714552;B
20240304;100008;161.49;10;9735714559;S
20240304;100008;161.5;300;9735714560;B
20240304;100008;161.5;10;9735714561;B
20240304;100009;161.5;20;9735714804;B
20240304;100009;161.49;10;9735715350;S
20240304;100009;161.49;10;9735715351;S
20240304;100009;161.5;10;9735715353;B
20240304;100009;161.49;10;9735715354;S
20240304;100009;161.49;20;9735715355;S
20240304;100009;161.49;10;9735715356;S
20240304;100009;161.49;10;9735715357;S
20240304;100009;161.5;10;9735715358;B
20240304;100009;161.49;10;9735715371;S
20240304;100009;161.5;10;9735715372;B
20240304;100009;161.5;10;9735715373;B
20240304;100009;161.49;10;9735715374;S
20240304;100009;161.5;10;9735715375;B
20240304;100009;161.49;140;9735715376;S
20240304;100009;161.49;10;9735715682;S
20240304;100009;161.5;10;9735715687;B
20240304;100009;161.5;60;9735715690;B
20240304;100009;161.5;60;9735715693;B
20240304;100009;161.49;10;9735715710;S
20240304;100009;161.5;10;9735715718;B
20240304;100009;161.5;40;9735715722;B
20240304;100009;161.49;10;9735715728;S
20240304;100009;161.5;10;9735715731;B
20240304;100009;161.5;20;9735715734;B
20240304;100009;161.49;30;9735715736;S
20240304;100009;161.49;10;9735715740;S
20240304;100009;161.5;10;9735715742;B
20240304;100009;161.49;10;9735715745;S
20240304;100009;161.5;10;9735715748;B
20240304;100009;161.49;10;9735715750;S
20240304;100009;161.5;10;9735715770;B
20240304;100009;161.5;10;9735716229;B
20240304;100009;161.5;10;9735716231;B
20240304;100009;161.5;10;9735716232;B
20240304;100009;161.49;10;9735716233;S
20240304;100009;161.49;20;9735716237;S
20240304;100009;161.5;10;9735716238;B
20240304;100009;161.49;10;9735716240;S
20240304;100009;161.5;10;9735716242;B
20240304;100009;161.49;10;9735716243;S
20240304;100009;161.5;10;9735716244;B
20240304;100010;161.5;7770;9735716892;B
20240304;100010;161.49;20;9735716915;S
20240304;100010;161.49;60;9735716916;S
20240304;100010;161.49;10;9735717090;S
20240304;100010;161.5;40;9735717091;B
20240304;100010;161.5;1000;9735717139;B
20240304;100010;161.5;40;9735717168;B
20240304;100010;161.49;30;9735717226;S
20240304;100010;161.49;20;9735717227;S
20240304;100010;161.5;10;9735717354;B
20240304;100011;161.5;20;9735717411;B
20240304;100011;161.49;30;9735717484;S
20240304;100011;161.5;900;9735717495;B
20240304;100011;161.49;150;9735717608;S
20240304;100011;161.49;390;9735717609;S
20240304;100011;161.5;40;9735717646;B
20240304;100011;161.5;10;9735717754;B
20240304;100011;161.5;10;9735717755;B
20240304;100011;161.5;10;9735717756;B
20240304;100011;161.49;10;9735717757;S
20240304;100011;161.5;10;9735717759;B
20240304;100011;161.5;10;9735717760;B
20240304;100011;161.5;10;9735717761;B
20240304;100011;161.5;20;9735717762;B
20240304;100011;161.5;10;9735717802;B
20240304;100011;161.5;100;9735717861;B
20240304;100011;161.5;50;9735718070;B
20240304;100011;161.5;120;9735718074;B
20240304;100011;161.49;30;9735718101;S
20240304;100011;161.5;100;9735718115;B
20240304;100011;161.5;3480;9735718125;B
20240304;100011;161.5;100;9735718126;B
20240304;100011;161.5;50;9735718127;B
20240304;100011;161.5;600;9735718128;B
20240304;100011;161.5;10;9735718129;B
20240304;100011;161.54;10;9735718130;B
20240304;100011;161.64;100;9735718134;B
20240304;100011;161.65;200;9735718144;B
20240304;100011;161.69;100;9735718148;B
20240304;100011;161.69;600;9735718149;B
20240304;100011;161.69;100;9735718150;B
20240304;100011;161.72;10;9735718156;B
20240304;100011;161.72;80;9735718157;S
20240304;100011;161.72;220;9735718158;S
20240304;100011;161.73;400;9735718165;S
20240304;100011;161.75;200;9735718170;B
20240304;100011;161.74;400;9735718171;S
20240304;100011;161.74;600;9735718172;S
20240304;100011;161.75;1200;9735718174;B
20240304;100011;161.75;100;9735718177;B
20240304;100011;161.75;440;9735718178;B
20240304;100011;161.75;60;9735718179;B
20240304;100011;161.75;300;9735718180;B
20240304;100011;161.75;100;9735718181;B
20240304;100011;161.75;1200;9735718182;B
20240304;100011;161.75;300;9735718183;B
20240304;100011;161.75;100;9735718184;B
20240304;100011;161.75;1000;9735718185;B
20240304;100011;161.75;200;9735718186;B
20240304;100011;161.74;800;9735718203;S
20240304;100011;161.74;400;9735718204;S
20240304;100011;161.74;200;9735718205;S
20240304;100011;161.74;10;9735718225;S
20240304;100012;161.75;180;9735718335;B
20240304;100012;161.75;300;9735718341;B
20240304;100012;161.75;300;9735718342;B
20240304;100012;161.75;20;9735718344;B
20240304;100012;161.75;1000;9735718345;B
20240304;100012;161.75;180;9735718346;B
20240304;100012;161.75;300;9735718347;B
20240304;100012;161.75;300;9735718349;B
20240304;100012;161.75;100;9735718350;B
20240304;100012;161.75;500;9735718351;B
20240304;100012;161.75;300;9735718352;B
20240304;100012;161.75;100;9735718353;B
20240304;100012;161.75;200;9735718354;B
20240304;100012;161.75;20;9735718355;B
20240304;100012;161.77;100;9735718356;B
20240304;100012;161.77;800;9735718359;B
20240304;100012;161.77;200;9735718365;B
20240304;100012;161.77;300;9735718366;B
20240304;100012;161.77;100;9735718367;B
20240304;100012;161.77;390;9735718369;B
20240304;100012;161.76;400;9735718385;S
20240304;100012;161.76;1760;9735718386;S
20240304;100012;161.76;240;9735718387;S
20240304;100012;161.76;60;9735718421;S
20240304;100012;161.76;1000;9735718422;S
20240304;100012;161.76;300;9735718423;S
20240304;100012;161.76;100;9735718424;S
20240304;100012;161.76;40;9735718425;S
20240304;100012;161.76;60;9735718478;S
20240304;100012;161.76;50;9735718479;S
20240304;100012;161.76;50;9735718488;S
20240304;100012;161.76;100;9735718489;S
20240304;100012;161.76;100;9735718490;S
20240304;100012;161.76;500;9735718491;S
20240304;100012;161.76;100;9735718492;S
20240304;100012;161.76;300;9735718493;S
20240304;100012;161.76;500;9735718494;S
20240304;100012;161.76;300;9735718495;S
20240304;100012;161.76;100;9735718496;S
20240304;100012;161.76;300;9735718497;S
20240304;100012;161.76;1000;9735718498;S
20240304;100012;161.76;100;9735718499;S
20240304;100012;161.76;100;9735718500;S
20240304;100012;161.76;1000;9735718501;S
20240304;100012;161.76;500;9735718502;S
20240304;100012;161.76;400;9735718503;S
20240304;100012;161.76;100;9735718504;S
20240304;100012;161.76;500;9735718505;S
20240304;100012;161.76;100;9735718506;S
20240304;100012;161.76;100;9735718507;S
20240304;100012;161.76;200;9735718508;S
20240304;100012;161.76;660;9735718509;S
20240304;100012;161.76;340;9735718523;S
20240304;100012;161.76;500;9735718524;S
20240304;100012;161.76;500;9735718525;S
20240304;100012;161.76;2160;9735718526;S
20240304;100012;161.76;1000;9735718527;S
20240304;100012;161.76;1000;9735718528;S
20240304;100012;161.76;300;9735718529;S
20240304;100012;161.76;1000;9735718530;S
20240304;100012;161.76;80;9735718624;B
20240304;100012;161.75;200;9735718625;S
20240304;100012;161.77;40;9735718647;B
20240304;100012;161.77;10;9735718712;B
20240304;100012;161.76;300;9735718717;S
20240304;100012;161.76;2160;9735718718;S
20240304;100012;161.76;140;9735718722;B
20240304;100012;161.75;10;9735718740;S
20240304;100012;161.76;20;9735718760;B
20240304;100012;161.76;50;9735718793;S
20240304;100012;161.77;10;9735718865;B
20240304;100012;161.76;10;9735718894;S
20240304;100012;161.76;20;9735718895;S
20240304;100012;161.76;50;9735718908;S
20240304;100012;161.76;20;9735718946;S
20240304;100012;161.76;50;9735718994;S
20240304;100013;161.76;200;9735719002;S
20240304;100013;161.77;100;9735719012;B
20240304;100013;161.77;270;9735719013;B
20240304;100013;161.77;300;9735719015;B
20240304;100013;161.77;100;9735719016;B
20240304;100013;161.77;100;9735719018;B
20240304;100013;161.77;100;9735719019;B
20240304;100013;161.77;400;9735719020;B
20240304;100013;161.77;100;9735719021;B
20240304;100013;161.77;200;9735719022;B
20240304;100013;161.77;100;9735719023;B
20240304;100013;161.77;300;9735719024;B
20240304;100013;161.77;100;9735719025;B
20240304;100013;161.77;880;9735719026;B
20240304;100013;161.77;120;9735719027;B
20240304;100013;161.77;180;9735719028;B
20240304;100013;161.77;200;9735719030;S
20240304;100013;161.77;100;9735719314;S
20240304;100013;161.78;30;9735719327;B
20240304;100013;161.77;1020;9735719380;S
20240304;100013;161.77;100;9735719381;S
20240304;100013;161.77;200;9735719382;S
20240304;100013;161.77;680;9735719383;S
20240304;100014;161.78;10;9735719574;B
20240304;100014;161.78;860;9735719594;B
20240304;100014;161.79;100;9735719611;B
20240304;100014;161.8;10;9735719619;B
20240304;100014;161.8;250;9735719620;B
20240304;100014;161.8;40;9735719621;B
20240304;100014;161.8;60;9735719622;B
20240304;100014;161.8;10;9735719623;B
20240304;100014;161.82;10;9735719864;B
20240304;100014;161.82;10;9735719865;B
20240304;100014;161.82;240;9735719866;B
20240304;100014;161.81;300;9735719868;S
20240304;100014;161.8;30;9735719869;S
20240304;100014;161.8;100;9735719870;S
20240304;100014;161.8;70;9735719871;S
20240304;100014;161.8;500;9735719872;S
20240304;100014;161.81;300;9735719873;S
20240304;100014;161.8;200;9735719874;S
20240304;100014;161.82;10;9735720070;B
20240304;100014;161.81;2000;9735720185;S
20240304;100014;161.81;160;9735720190;S
20240304;100014;161.81;1000;9735720191;S
20240304;100014;161.8;230;9735720192;S
20240304;100014;161.8;110;9735720193;S
20240304;100015;161.82;40;9735720237;B
20240304;100015;161.82;10;9735720238;B
20240304;100015;161.82;10;9735720239;B
20240304;100015;161.82;10;9735720240;B
20240304;100015;161.82;30;9735720241;B
20240304;100015;161.82;40;9735720245;B
20240304;100015;161.82;10;9735720246;B
20240304;100015;161.82;50;9735720247;B
20240304;100015;161.82;100;9735720248;B
20240304;100015;161.82;50;9735720251;B
20240304;100015;161.82;10;9735720252;B
20240304;100015;161.82;40;9735720254;S
20240304;100015;161.82;190;9735720255;S
20240304;100015;161.82;270;9735720256;S
20240304;100015;161.82;230;9735720257;S
20240304;100015;161.81;170;9735720259;B
20240304;100015;161.82;30;9735720260;S
20240304;100015;161.79;240;9735720268;S
20240304;100015;161.83;100;9735720280;B
20240304;100015;161.83;100;9735720283;B
20240304;100015;161.83;100;9735720288;B
20240304;100015;161.83;200;9735720289;B
20240304;100015;161.83;30;9735720290;B
20240304;100015;161.83;270;9735720291;B
20240304;100015;161.83;100;9735720293;B
20240304;100015;161.83;300;9735720295;B
20240304;100015;161.83;300;9735720298;B
20240304;100015;161.83;890;9735720299;B
20240304;100015;161.83;110;9735720300;B
20240304;100015;161.83;190;9735720301;B
20240304;100015;161.83;230;9735720302;B
20240304;100015;161.83;40;9735720304;S
20240304;100015;161.83;100;9735720321;S
20240304;100015;161.84;10;9735720395;B
20240304;100015;161.83;50;9735720525;S
20240304;100015;161.83;390;9735720548;S
20240304;100015;161.83;660;9735720549;S
20240304;100015;161.82;140;9735720578;S
20240304;100015;161.82;320;9735720579;S
20240304;100015;161.82;170;9735720580;S
20240304;100015;161.82;300;9735720581;S
20240304;100015;161.82;100;9735720582;S
20240304;100015;161.81;100;9735720705;S
20240304;100015;161.81;120;9735720706;S
20240304;100016;161.83;180;9735720719;B
20240304;100016;161.82;50;9735721019;B
20240304;100017;161.75;2000;9735721279;S
20240304;100019;161.75;30;9735722056;S
20240304;100020;161.73;220;9735722801;S
20240304;100021;161.73;80;9735722851;S
20240304;100021;161.73;910;9735722852;S
20240304;100021;161.73;10;9735722984;S
20240304;100021;161.82;10;9735723018;B
20240304;100022;161.82;200;9735723573;B
20240304;100023;161.82;40;9735723938;B
20240304;100024;161.82;210;9735724092;S
20240304;100024;161.8;80;9735724328;S
20240304;100024;161.8;20;9735724408;S
20240304;100025;161.72;10;9735724411;S
20240304;100025;161.72;2610;9735724412;S
20240304;100025;161.71;2160;9735724413;S
20240304;100025;161.7;3000;9735724414;S
20240304;100025;161.7;220;9735724417;B
20240304;100025;161.68;3760;9735724423;B
20240304;100025;161.71;10;9735724433;B
20240304;100025;161.61;40;9735724790;S
20240304;100026;161.66;300;9735725061;B
20240304;100026;161.67;360;9735725062;B
20240304;100026;161.59;20;9735725113;S
20240304;100026;161.59;480;9735725114;S
20240304;100026;161.66;300;9735725153;B
20240304;100026;161.66;1860;9735725154;B
20240304;100026;161.66;840;9735725155;B
20240304;100027;161.67;10;9735725283;B
20240304;100027;161.57;10;9735725432;S
20240304;100028;161.57;10;9735725561;S
20240304;100029;161.66;1020;9735725742;B
20240304;100029;161.66;300;9735725743;B
20240304;100029;161.67;1490;9735725744;B
20240304;100029;161.67;4290;9735725745;B
20240304;100029;161.68;30;9735725813;B
20240304;100030;161.68;50;9735725886;B
20240304;100030;161.59;10;9735725934;S
20240304;100031;161.64;660;9735726577;B
20240304;100032;161.58;300;9735726600;S
20240304;100032;161.58;2160;9735726601;S
20240304;100032;161.57;3540;9735726602;S
20240304;100032;161.56;10;9735726655;S
20240304;100032;161.62;250;9735726796;B
20240304;100033;161.56;300;9735726875;S
20240304;100033;161.56;40;9735726876;S
20240304;100033;161.55;2000;9735726877;S
20240304;100033;161.55;1000;9735726878;S
20240304;100033;161.55;60;9735726881;B
20240304;100033;161.55;50;9735726924;B
20240304;100033;161.55;50;9735726987;B
20240304;100034;161.53;10;9735727147;S
20240304;100034;161.53;10;9735727174;S
20240304;100035;161.53;20;9735727566;S
20240304;100036;161.53;20;9735727823;S
20240304;100036;161.55;1500;9735727867;B
20240304;100037;161.62;1000;9735728098;B
20240304;100037;161.67;10;9735728281;B
20240304;100038;161.58;300;9735728420;S
20240304;100038;161.58;100;9735728421;S
20240304;100039;161.64;10;9735728759;B
20240304;100040;161.67;10;9735728949;B
20240304;100040;161.67;290;9735728982;B
20240304;100040;161.67;1860;9735728983;B
20240304;100040;161.68;1000;9735728984;B
20240304;100040;161.68;1850;9735728985;B
20240304;100041;161.58;70;9735729235;S
20240304;100041;161.63;8000;9735729283;B
20240304;100041;161.59;10;9735729448;S
20240304;100042;161.68;20;9735729688;B
20240304;100043;161.68;40;9735729831;B
20240304;100044;161.59;10;9735730148;S
20240304;100044;161.59;1230;9735730184;S
20240304;100044;161.59;300;9735730185;S
20240304;100044;161.58;1000;9735730186;S
20240304;100044;161.58;200;9735730187;S
20240304;100044;161.57;500;9735730188;S
20240304;100044;161.57;230;9735730189;S
20240304;100044;161.57;1000;9735730190;S
20240304;100044;161.57;10;9735730191;S
20240304;100044;161.56;230;9735730192;S
20240304;100044;161.56;1000;9735730193;S
20240304;100044;161.56;50;9735730194;S
20240304;100044;161.56;80;9735730195;S
20240304;100044;161.55;1000;9735730196;S
20240304;100044;161.55;230;9735730197;S
20240304;100044;161.55;10;9735730198;S
20240304;100044;161.55;1000;9735730199;S
20240304;100044;161.54;1000;9735730200;S
20240304;100044;161.54;230;9735730201;S
20240304;100044;161.53;940;9735730202;S
20240304;100044;161.53;230;9735730203;S
20240304;100044;161.53;3720;9735730204;S
20240304;100044;161.53;1860;9735730205;S
20240304;100044;161.53;1430;9735730206;S
20240304;100044;161.54;50;9735730207;S
20240304;100045;161.6;20;9735730631;S
20240304;100045;161.6;270;9735730783;B
20240304;100045;161.66;20;9735730784;B
20240304;100045;161.67;260;9735730785;B
20240304;100046;161.67;250;9735730885;B
20240304;100046;161.55;10;9735731012;S
20240304;100046;161.55;580;9735731098;S
20240304;100047;161.57;10;9735731255;S
20240304;100047;161.66;10;9735731257;B
20240304;100047;161.66;290;9735731345;B
20240304;100047;161.67;490;9735731346;B
20240304;100047;161.67;3060;9735731347;B
20240304;100047;161.67;1860;9735731348;B
20240304;100047;161.68;200;9735731349;B
20240304;100047;161.68;1000;9735731350;B
20240304;100047;161.68;3100;9735731351;B
20240304;100048;161.57;290;9735731511;S
20240304;100048;161.57;210;9735731512;S
20240304;100049;161.57;10;9735731788;S
20240304;100049;161.57;780;9735731896;S
20240304;100049;161.57;200;9735731897;S
20240304;100049;161.57;20;9735731898;S
20240304;100050;161.59;160;9735732312;S
20240304;100051;161.67;10;9735732443;B
20240304;100051;161.62;10;9735732600;S
20240304;100051;161.62;10;9735732601;S
20240304;100051;161.61;10;9735732703;S
20240304;100053;161.61;290;9735733332;S
20240304;100053;161.6;500;9735733333;S
20240304;100053;161.58;1000;9735733334;S
20240304;100053;161.57;10;9735733335;S
20240304;100056;161.58;10;9735734512;S
20240304;100056;161.66;10;9735734513;B
20240304;100057;161.66;20;9735734607;B
20240304;100058;161.66;30;9735735172;B
20240304;100058;161.57;10;9735735265;S
20240304;100059;161.65;10;9735735346;B
20240304;100059;161.66;490;9735735347;B
20240304;100059;161.65;130;9735735448;B
20240304;100100;161.65;120;9735735696;B
20240304;100100;161.59;40;9735735716;S
20240304;100102;161.59;10;9735736552;S
20240304;100103;161.62;10;9735736676;B
20240304;100103;161.59;290;9735736693;S
20240304;100103;161.58;10;9735736694;S
20240304;100106;161.62;10;9735737553;B
20240304;100106;161.66;130;9735737554;B
20240304;100106;161.66;1860;9735737555;B
20240304;100106;161.67;2000;9735737556;B
20240304;100106;161.66;20;9735737670;S
20240304;100106;161.57;90;9735737671;S
20240304;100107;161.57;500;9735737873;S
20240304;100108;161.59;80;9735738171;B
20240304;100110;161.59;30;9735738328;B
20240304;100111;161.56;30;9735738552;S
20240304;100111;161.59;250;9735738703;B
20240304;100113;161.59;20;9735739063;B
20240304;100114;161.56;20;9735739190;S
20240304;100114;161.56;50;9735739191;S
20240304;100114;161.56;30;9735739192;S
20240304;100115;161.59;120;9735739418;B
20240304;100115;161.59;300;9735739419;B
20240304;100116;161.6;150;9735739699;S
20240304;100116;161.61;10;9735739820;B
20240304;100116;161.63;30;9735739926;B
20240304;100117;161.63;10;9735740053;B
20240304;100119;161.6;20;9735740426;S
20240304;100119;161.63;250;9735740489;B
20240304;100119;161.63;300;9735740522;B
20240304;100119;161.63;20;9735740523;B
20240304;100121;161.6;40;9735740988;S
20240304;100122;161.6;370;9735741295;S
20240304;100122;161.59;100;9735741347;B
20240304;100123;161.58;10;9735741408;S
20240304;100123;161.59;200;9735741518;B
20240304;100123;161.59;800;9735741519;B
20240304;100124;161.57;10;9735741810;S
20240304;100124;161.56;20;9735741811;S
20240304;100124;161.56;970;9735741812;S
20240304;100126;161.59;20;9735742146;B
20240304;100127;161.59;100;9735742386;B
20240304;100128;161.59;10;9735742602;B
20240304;100128;161.59;1230;9735742758;B
20240304;100128;161.6;130;9735742759;B
20240304;100128;161.6;390;9735742760;B
20240304;100128;161.6;300;9735742761;B
20240304;100128;161.61;50;9735742762;B
20240304;100128;161.62;1100;9735742763;B
20240304;100128;161.63;10;9735742764;B
20240304;100128;161.64;230;9735742765;B
20240304;100128;161.64;200;9735742766;B
20240304;100128;161.64;1360;9735742767;B
20240304;100129;161.61;20;9735742825;B
20240304;100129;161.59;2160;9735743022;B
20240304;100129;161.6;500;9735743023;B
20240304;100131;161.61;60;9735743370;B
20240304;100132;161.61;10;9735743700;S
20240304;100132;161.61;10;9735743708;S
20240304;100132;161.6;10;9735743709;S
20240304;100133;161.63;10;9735744030;B
20240304;100135;161.61;10;9735744316;B
20240304;100135;161.6;1000;9735744397;S
20240304;100135;161.61;20;9735744483;B
20240304;100137;161.6;10;9735745013;S
20240304;100138;161.6;10;9735745118;S
20240304;100138;161.61;30;9735745158;B
20240304;100138;161.6;10;9735745161;S
20240304;100138;161.6;4000;9735745256;S
20240304;100139;161.6;40;9735745264;S
20240304;100139;161.61;200;9735745323;B
20240304;100140;161.61;60;9735745701;B
20240304;100141;161.61;250;9735745777;B
20240304;100142;161.61;10;9735746045;B
20240304;100142;161.6;40;9735746279;S
20240304;100143;161.6;10;9735746396;S
20240304;100143;161.61;500;9735746415;B
20240304;100144;161.61;10;9735746587;B
20240304;100144;161.6;10;9735746619;S
20240304;100144;161.61;40;9735746652;B
20240304;100145;161.61;280;9735746780;B
20240304;100145;161.6;30;9735746798;S
20240304;100145;161.61;310;9735746978;B
20240304;100145;161.61;690;9735746979;B
20240304;100145;161.61;10;9735746985;B
20240304;100146;161.6;120;9735747167;S
20240304;100146;161.6;70;9735747197;S
20240304;100146;161.6;80;9735747326;S
20240304;100147;161.61;770;9735747348;B
20240304;100147;161.61;320;9735747383;B
20240304;100147;161.61;910;9735747384;B
20240304;100147;161.62;10;9735747537;B
20240304;100149;161.62;10;9735747906;B
20240304;100149;161.61;130;9735747984;S
20240304;100149;161.61;170;9735747993;S
20240304;100149;161.6;130;9735747994;S
20240304;100150;161.61;20;9735748250;S
20240304;100151;161.62;100;9735748562;B
20240304;100151;161.61;30;9735748780;S
20240304;100151;161.61;230;9735748781;S
20240304;100151;161.61;220;9735748782;S
20240304;100151;161.62;10;9735748788;B
20240304;100153;161.6;10;9735749157;S
20240304;100153;161.61;10;9735749173;B
20240304;100153;161.6;1760;9735749339;S
20240304;100153;161.6;750;9735749340;S
20240304;100153;161.6;100;9735749341;S
20240304;100153;161.6;260;9735749342;S
20240304;100153;161.6;130;9735749343;S
20240304;100154;161.62;70;9735749611;B
20240304;100158;161.6;40;9735750478;S
20240304;100158;161.62;20;9735750499;B
20240304;100158;161.63;10;9735750500;B
20240304;100159;161.62;10;9735750686;B
20240304;100159;161.62;10;9735750743;B
20240304;100200;161.61;60;9735751019;S
20240304;100200;161.61;30;9735751123;B
20240304;100200;161.61;10;9735751124;B
20240304;100201;161.61;10;9735751236;B
20240304;100201;161.61;10;9735751407;B
20240304;100202;161.61;10;9735751509;B
20240304;100202;161.61;90;9735751510;B
20240304;100202;161.6;80;9735751513;S
20240304;100203;161.6;10;9735751812;S
20240304;100203;161.6;470;9735751843;S
20240304;100203;161.6;90;9735751844;S
20240304;100203;161.6;10;9735752047;B
20240304;100203;161.6;180;9735752084;B
20240304;100204;161.6;10;9735752167;B
20240304;100204;161.59;10;9735752176;S
20240304;100205;161.6;700;9735752714;B
20240304;100205;161.6;20;9735752715;B
20240304;100205;161.61;280;9735752716;B
20240304;100206;161.59;20;9735752933;S
20240304;100206;161.59;10;9735752934;S
20240304;100206;161.59;20;9735752935;S
20240304;100206;161.59;10;9735753018;S
20240304;100207;161.6;10;9735753043;B
20240304;100208;161.6;10;9735753456;B
20240304;100210;161.59;70;9735754091;S
20240304;100210;161.57;20;9735754092;S
20240304;100210;161.57;40;9735754093;S
20240304;100210;161.56;670;9735754094;S
20240304;100211;161.58;50;9735754199;B
20240304;100211;161.58;50;9735754229;B
20240304;100212;161.59;110;9735754488;S
20240304;100212;161.6;700;9735754493;B
20240304;100212;161.61;160;9735754494;B
20240304;100212;161.61;140;9735754495;B
20240304;100212;161.59;100;9735754630;S
20240304;100213;161.6;100;9735754749;B
20240304;100213;161.6;30;9735754849;B
20240304;100214;161.59;10;9735755064;S
20240304;100215;161.6;400;9735755177;B
20240304;100215;161.6;10;9735755227;B
20240304;100217;161.59;10;9735755776;S
20240304;100217;161.6;10;9735755844;B
20240304;100217;161.6;20;9735755847;B
20240304;100217;161.6;30;9735755876;B
20240304;100218;161.6;100;9735756049;B
20240304;100220;161.59;50;9735756572;S
20240304;100221;161.6;10;9735756764;B
20240304;100222;161.59;30;9735756971;S
20240304;100223;161.6;50;9735757366;B
20240304;100223;161.59;200;9735757387;S
20240304;100224;161.59;10;9735757434;S
20240304;100224;161.6;10;9735757463;B
20240304;100225;161.59;30;9735757836;S
20240304;100225;161.6;10;9735757881;B
20240304;100225;161.59;10;9735757891;S
20240304;100226;161.59;50;9735758055;S
20240304;100226;161.59;10;9735758255;S
20240304;100227;161.6;10;9735758468;B
20240304;100227;161.59;200;9735758540;S
20240304;100227;161.6;1370;9735758565;B
20240304;100227;161.6;10;9735758566;B
20240304;100227;161.6;500;9735758567;B
20240304;100227;161.61;1720;9735758568;B
20240304;100227;161.61;1300;9735758569;B
20240304;100227;161.61;100;9735758570;B
20240304;100227;161.61;40;9735758592;B
20240304;100228;161.59;100;9735758861;S
20240304;100230;161.59;70;9735759294;S
20240304;100233;161.6;40;9735760466;B
20240304;100235;161.6;370;9735760826;B
20240304;100235;161.6;10;9735760849;B
20240304;100235;161.6;10;9735760906;B
20240304;100235;161.59;700;9735760916;S
20240304;100235;161.6;10;9735760980;B
20240304;100235;161.59;10;9735761009;S
20240304;100235;161.59;20;9735761016;S
20240304;100236;161.59;50;9735761168;S
20240304;100237;161.59;10;9735761462;S
20240304;100237;161.6;120;9735761476;B
20240304;100238;161.59;4000;9735761485;S
20240304;100238;161.6;20;9735761578;B
20240304;100238;161.6;750;9735761612;B
20240304;100238;161.6;130;9735761613;B
20240304;100239;161.61;10;9735761883;B
20240304;100240;161.61;2540;9735762053;B
20240304;100240;161.61;1860;9735762054;B
20240304;100240;161.62;20;9735762055;B
20240304;100240;161.62;7580;9735762056;B
20240304;100240;161.6;10;9735762135;S
20240304;100240;161.6;180;9735762226;S
20240304;100240;161.61;10;9735762256;B
20240304;100240;161.6;20;9735762322;S
20240304;100241;161.6;10;9735762535;S
20240304;100241;161.6;20;9735762537;S
20240304;100241;161.6;10;9735762560;S
20240304;100242;161.6;10;9735762668;S
20240304;100242;161.6;210;9735762848;S
20240304;100242;161.6;220;9735762849;S
20240304;100242;161.6;100;9735762850;S
20240304;100242;161.6;140;9735762851;S
20240304;100242;161.6;180;9735762852;S
20240304;100242;161.59;150;9735762853;S
20240304;100242;161.61;20;9735762858;B
20240304;100243;161.61;150;9735762878;B
20240304;100243;161.61;20;9735763021;B
20240304;100244;161.59;10;9735763226;S
20240304;100245;161.61;10;9735763515;B
20240304;100245;161.6;40;9735763518;S
20240304;100245;161.59;250;9735763519;S
20240304;100245;161.59;10;9735763520;S
20240304;100245;161.59;5000;9735763521;S
20240304;100245;161.59;2280;9735763522;S
20240304;100245;161.57;300;9735763523;S
20240304;100245;161.56;650;9735763524;S
20240304;100245;161.56;10;9735763525;S
20240304;100245;161.56;10;9735763526;S
20240304;100245;161.55;500;9735763527;S
20240304;100245;161.55;20;9735763528;S
20240304;100245;161.54;1000;9735763529;S
20240304;100245;161.54;10;9735763530;S
20240304;100245;161.54;800;9735763531;S
20240304;100245;161.53;1000;9735763532;S
20240304;100245;161.53;1200;9735763533;S
20240304;100245;161.53;70;9735763534;S
20240304;100245;161.52;1000;9735763535;S
20240304;100245;161.52;3720;9735763536;S
20240304;100245;161.52;10;9735763537;S
20240304;100245;161.52;330;9735763538;S
20240304;100245;161.52;100;9735763539;S
20240304;100245;161.52;3720;9735763540;S
20240304;100245;161.52;30;9735763541;S
20240304;100245;161.52;500;9735763542;S
20240304;100245;161.52;200;9735763543;S
20240304;100245;161.51;30640;9735763544;S
20240304;100245;161.54;350;9735763552;S
20240304;100245;161.53;10;9735763577;S
20240304;100248;161.52;1000;9735764437;S
20240304;100248;161.52;230;9735764438;S
20240304;100248;161.51;39910;9735764439;S
20240304;100248;161.51;1000;9735764440;S
20240304;100248;161.51;10;9735764441;S
20240304;100248;161.51;10;9735764442;S
20240304;100248;161.51;10;9735764443;S
20240304;100248;161.51;20;9735764444;S
20240304;100248;161.51;10;9735764445;S
20240304;100248;161.51;200;9735764446;S
20240304;100248;161.51;500;9735764447;S
20240304;100248;161.51;300;9735764448;S
20240304;100248;161.51;700;9735764450;B
20240304;100249;161.51;10;9735764546;B
20240304;100249;161.51;4850;9735764601;B
20240304;100250;161.5;10;9735764782;S
20240304;100250;161.5;90;9735764783;S
20240304;100252;161.51;10;9735765154;B
20240304;100252;161.51;1000;9735765308;B
20240304;100255;161.5;20;9735766021;S
20240304;100255;161.5;140;9735766059;S
20240304;100255;161.5;50;9735766060;S
20240304;100255;161.5;50;9735766061;S
20240304;100255;161.5;270;9735766062;S
20240304;100256;161.51;10;9735766221;B
20240304;100256;161.5;10;9735766353;S
20240304;100257;161.51;100;9735766401;B
20240304;100257;161.51;10;9735766515;B
20240304;100257;161.51;10;9735766587;B
20240304;100258;161.5;10;9735766701;S
20240304;100258;161.51;100;9735766712;B
20240304;100258;161.51;80;9735766779;B
20240304;100258;161.51;100;9735766799;B
20240304;100258;161.5;10;9735766839;S
20240304;100258;161.5;10;9735766840;S
20240304;100258;161.5;80;9735766841;S
20240304;100259;161.51;10;9735766896;B
20240304;100259;161.5;420;9735766897;S
20240304;100259;161.5;10;9735766898;S
20240304;100259;161.5;50;9735766899;S
20240304;100259;161.5;50;9735766900;S
20240304;100259;161.5;300;9735766901;S
20240304;100259;161.5;100;9735766902;S
20240304;100259;161.5;50;9735766903;S
20240304;100259;161.5;50;9735766904;S
20240304;100259;161.51;10;9735767349;B
20240304;100300;161.51;100;9735767397;B
20240304;100300;161.5;30;9735767424;S
20240304;100300;161.5;1000;9735767425;S
20240304;100300;161.49;240;9735767426;S
20240304;100300;161.49;10;9735767427;S
20240304;100300;161.49;50;9735767428;S
20240304;100300;161.47;10;9735767429;S
20240304;100300;161.47;2500;9735767430;S
20240304;100300;161.47;10;9735767431;S
20240304;100300;161.47;1040;9735767432;S
20240304;100300;161.46;10;9735767433;S
20240304;100300;161.45;110;9735767434;S
20240304;100300;161.44;1590;9735767435;S
20240304;100301;161.48;300;9735767742;B
20240304;100301;161.49;200;9735767743;B
20240304;100301;161.49;500;9735767744;B
20240304;100301;161.44;270;9735767841;S
20240304;100301;161.48;100;9735767910;B
20240304;100301;161.48;200;9735767945;B
20240304;100301;161.49;530;9735767946;B
20240304;100301;161.49;920;9735767947;B
20240304;100301;161.5;3720;9735767948;B
20240304;100301;161.5;200;9735767949;B
20240304;100301;161.5;90;9735767950;B
20240304;100301;161.51;4340;9735767951;B
20240304;100302;161.45;2010;9735768127;S
20240304;100303;161.5;20;9735768387;B
20240304;100303;161.46;10;9735768471;S
20240304;100305;161.47;420;9735768819;B
20240304;100305;161.47;80;9735768820;B
20240304;100305;161.47;220;9735768841;B
20240304;100305;161.48;1280;9735768842;B
20240304;100306;161.47;40;9735769093;B
20240304;100307;161.45;60;9735769422;S
20240304;100308;161.44;10;9735769686;S
20240304;100311;161.46;10;9735770448;B
20240304;100314;161.45;90;9735771118;S
20240304;100314;161.46;10;9735771163;B
20240304;100314;161.48;40;9735771164;B
20240304;100315;161.48;20;9735771396;B
20240304;100316;161.45;30;9735771796;S
20240304;100318;161.45;30;9735772298;S
20240304;100318;161.44;270;9735772299;S
20240304;100319;161.47;10;9735772542;B
20240304;100319;161.48;40;9735772543;B
20240304;100320;161.44;10;9735772804;S
20240304;100320;161.46;20;9735772834;B
20240304;100320;161.44;150;9735772883;S
20240304;100322;161.45;180;9735773361;S
20240304;100323;161.45;10;9735773638;S
20240304;100324;161.45;100;9735773733;S
20240304;100324;161.45;10;9735773753;S
20240304;100324;161.46;10;9735773879;B
20240304;100325;161.45;10;9735774085;S
20240304;100325;161.45;10;9735774091;S
20240304;100326;161.45;500;9735774366;S
20240304;100326;161.46;70;9735774374;B
20240304;100327;161.46;100;9735774670;B
20240304;100328;161.46;10;9735774842;B
20240304;100328;161.45;10;9735774860;S
20240304;100329;161.45;10;9735775094;S
20240304;100329;161.45;1000;9735775141;S
20240304;100329;161.46;30;9735775144;B
20240304;100330;161.45;10;9735775150;S
20240304;100330;161.45;100;9735775205;S
20240304;100330;161.45;10;9735775372;S
20240304;100331;161.45;10;9735775509;S
20240304;100331;161.46;10;9735775532;B
20240304;100331;161.45;110;9735775544;S
20240304;100332;161.46;10;9735775679;B
20240304;100332;161.45;10;9735775689;S
20240304;100332;161.46;60;9735775749;B
20240304;100332;161.45;10;9735775771;S
20240304;100333;161.47;100;9735775959;B
20240304;100333;161.47;300;9735775983;S
20240304;100333;161.46;10;9735776074;S
20240304;100334;161.48;80;9735776129;B
20240304;100335;161.46;10;9735776427;S
20240304;100335;161.46;390;9735776431;S
20240304;100335;161.46;1000;9735776432;S
20240304;100335;161.45;8610;9735776433;S
20240304;100335;161.48;100;9735776503;B
20240304;100337;161.46;10;9735776739;S
20240304;100337;161.46;10;9735776934;S
20240304;100338;161.46;100;9735777021;S
20240304;100338;161.46;10;9735777148;S
20240304;100339;161.46;20;9735777275;S
20240304;100339;161.46;10;9735777291;S
20240304;100339;161.46;10;9735777330;S
20240304;100339;161.46;10;9735777390;S
20240304;100340;161.46;450;9735777419;S
20240304;100340;161.46;40;9735777420;S
20240304;100340;161.46;300;9735777421;S
20240304;100340;161.45;7290;9735777422;S
20240304;100340;161.45;1000;9735777423;S
20240304;100340;161.45;20;9735777424;S
20240304;100340;161.45;2160;9735777425;S
20240304;100340;161.45;8740;9735777426;S
20240304;100340;161.46;60;9735777515;S
20240304;100341;161.46;260;9735777847;S
20240304;100341;161.45;30;9735777848;S
20240304;100342;161.48;10;9735777937;B
20240304;100343;161.48;290;9735778191;B
20240304;100343;161.49;210;9735778192;B
20240304;100343;161.49;30;9735778343;B
20240304;100344;161.49;10;9735778461;B
20240304;100347;161.48;100;9735779259;S
20240304;100347;161.46;20;9735779426;S
20240304;100348;161.46;20;9735779494;S
20240304;100348;161.49;10;9735779538;B
20240304;100348;161.49;50;9735779592;B
20240304;100351;161.49;4690;9735780096;B
20240304;100351;161.5;10;9735780194;B
20240304;100351;161.49;310;9735780239;S
20240304;100351;161.48;300;9735780240;S
20240304;100351;161.47;290;9735780241;S
20240304;100352;161.48;300;9735780440;S
20240304;100352;161.47;20;9735780441;S
20240304;100352;161.46;20;9735780442;S
20240304;100352;161.46;1860;9735780443;S
20240304;100352;161.46;1000;9735780444;S
20240304;100352;161.46;10;9735780445;S
20240304;100352;161.45;1230;9735780446;S
20240304;100352;161.45;40;9735780447;S
20240304;100352;161.45;3000;9735780448;S
20240304;100352;161.45;100;9735780449;S
20240304;100352;161.45;20;9735780450;S
20240304;100352;161.44;770;9735780451;S
20240304;100354;161.5;30;9735780902;B
20240304;100354;161.52;2010;9735780903;B
20240304;100354;161.52;920;9735780904;B
20240304;100354;161.53;300;9735780905;B
20240304;100354;161.53;1740;9735780906;B
20240304;100355;161.52;40;9735780941;B
20240304;100357;161.5;10;9735781474;S
20240304;100357;161.48;760;9735781498;S
20240304;100358;161.48;10;9735781520;S
20240304;100359;161.49;50;9735781818;B
20240304;100359;161.48;50;9735781874;S
20240304;100400;161.49;150;9735782039;B
20240304;100401;161.48;50;9735782149;S
20240304;100401;161.51;90;9735782168;B
20240304;100401;161.53;50;9735782203;B
20240304;100402;161.53;90;9735782675;B
20240304;100403;161.51;50;9735783026;B
20240304;100403;161.53;150;9735783027;B
20240304;100404;161.53;10;9735783078;B
20240304;100404;161.53;70;9735783164;B
20240304;100404;161.54;200;9735783165;B
20240304;100404;161.54;3500;9735783166;B
20240304;100404;161.55;1000;9735783167;B
20240304;100404;161.55;380;9735783168;B
20240304;100404;161.55;1050;9735783169;B
20240304;100406;161.53;10;9735783592;B
20240304;100406;161.53;290;9735783676;B
20240304;100406;161.53;2450;9735783677;B
20240304;100406;161.53;290;9735783678;B
20240304;100406;161.54;6970;9735783679;B
20240304;100406;161.54;60;9735783770;B
20240304;100408;161.49;10;9735784245;S
20240304;100410;161.5;10;9735784731;S
20240304;100411;161.5;20;9735785061;S
20240304;100411;161.5;10;9735785062;S
20240304;100413;161.5;570;9735785526;B
20240304;100413;161.5;20;9735785535;S
20240304;100413;161.52;20;9735785601;B
20240304;100413;161.52;310;9735785690;B
20240304;100413;161.53;2690;9735785691;B
20240304;100415;161.54;50;9735786485;B
20240304;100415;161.55;20;9735786593;B
20240304;100416;161.55;980;9735786747;B
20240304;100416;161.55;90;9735786748;B
20240304;100416;161.56;1000;9735786749;B
20240304;100416;161.56;300;9735786750;B
20240304;100416;161.56;2630;9735786751;B
20240304;100416;161.55;100;9735786883;B
20240304;100416;161.54;10;9735786911;B
20240304;100417;161.5;100;9735787254;S
20240304;100420;161.52;150;9735788129;S
20240304;100420;161.54;300;9735788169;B
20240304;100421;161.54;10;9735788446;B
20240304;100422;161.54;70;9735788636;B
20240304;100422;161.54;110;9735788739;B
20240304;100422;161.54;890;9735788740;B
20240304;100423;161.54;110;9735788824;B
20240304;100423;161.55;2510;9735788825;B
20240304;100424;161.55;100;9735789036;B
20240304;100424;161.54;50;9735789570;S
20240304;100424;161.52;610;9735789571;S
20240304;100424;161.51;1860;9735789572;S
20240304;100424;161.51;2160;9735789573;S
20240304;100424;161.5;240;9735789574;S
20240304;100424;161.5;500;9735789575;S
20240304;100424;161.5;680;9735789576;S
20240304;100424;161.5;20;9735789577;S
20240304;100424;161.49;110;9735789578;S
20240304;100424;161.49;500;9735789579;S
20240304;100424;161.49;10;9735789580;S
20240304;100424;161.49;260;9735789581;S
20240304;100424;161.55;40;9735789582;B
20240304;100424;161.54;100;9735789591;B
20240304;100425;161.49;210;9735789639;S
20240304;100425;161.52;10;9735789715;B
20240304;100425;161.52;60;9735789802;B
20240304;100425;161.53;400;9735789803;B
20240304;100425;161.54;8000;9735789804;B
20240304;100425;161.54;3910;9735789805;S
20240304;100426;161.5;120;9735790053;S
20240304;100426;161.56;10;9735790086;B
20240304;100427;161.58;40;9735790386;B
20240304;100427;161.58;30;9735790389;B
20240304;100429;161.52;300;9735790644;S
20240304;100429;161.51;3720;9735790645;S
20240304;100429;161.51;1860;9735790646;S
20240304;100429;161.5;20;9735790647;S
20240304;100429;161.5;6040;9735790648;S
20240304;100429;161.58;100;9735790813;B
20240304;100430;161.58;400;9735790999;B
20240304;100430;161.54;50;9735791058;S
20240304;100431;161.52;260;9735791359;S
20240304;100431;161.52;70;9735791389;S
20240304;100432;161.52;10;9735791602;S
20240304;100436;161.52;10;9735792462;S
20240304;100436;161.51;990;9735792463;S
20240304;100436;161.51;570;9735792544;S
20240304;100438;161.57;300;9735792914;B
20240304;100443;161.53;10;9735793926;S
20240304;100443;161.56;10;9735793967;B
20240304;100446;161.53;30;9735794665;S
20240304;100446;161.56;100;9735794702;B
20240304;100446;161.56;100;9735794707;B
20240304;100447;161.56;100;9735795075;B
20240304;100448;161.56;1150;9735795116;B
20240304;100448;161.56;630;9735795231;B
20240304;100448;161.57;370;9735795232;B
20240304;100451;161.54;10;9735795706;S
20240304;100451;161.52;40;9735795707;S
20240304;100451;161.52;50;9735795708;S
20240304;100451;161.55;500;9735795811;B
20240304;100451;161.55;10;9735795842;B
20240304;100452;161.52;250;9735796058;S
20240304;100452;161.52;750;9735796059;S
20240304;100456;161.54;10;9735797151;B
20240304;100458;161.54;10;9735797763;B
20240304;100459;161.54;580;9735797940;B
20240304;100459;161.55;30;9735797941;B
20240304;100459;161.55;10;9735797992;B
20240304;100500;161.55;50;9735798189;B
20240304;100500;161.55;10;9735798409;B
20240304;100500;161.52;750;9735798500;S
20240304;100500;161.52;260;9735798501;S
20240304;100501;161.52;10;9735798871;B
20240304;100503;161.51;30;9735799462;S
20240304;100503;161.5;70;9735799463;S
20240304;100503;161.52;10;9735799481;B
20240304;100503;161.5;50;9735799508;S
20240304;100504;161.52;200;9735799707;B
20240304;100504;161.52;1280;9735799765;B
20240304;100504;161.55;50;9735799780;B
20240304;100504;161.53;10;9735799795;S
20240304;100506;161.55;340;9735800300;B
20240304;100506;161.55;60;9735800301;B
20240304;100506;161.55;1000;9735800302;B
20240304;100506;161.55;600;9735800303;B
20240304;100507;161.55;10;9735800532;B
20240304;100508;161.54;700;9735800603;S
20240304;100508;161.55;200;9735800781;B
20240304;100508;161.55;800;9735800782;B
20240304;100509;161.54;10;9735800987;S
20240304;100510;161.55;10;9735801230;B
20240304;100511;161.54;10;9735801402;S
20240304;100511;161.55;10;9735801466;B
20240304;100511;161.54;10;9735801558;S
20240304;100511;161.55;20;9735801596;B
20240304;100512;161.55;100;9735801785;B
20240304;100512;161.54;20;9735801894;S
20240304;100512;161.55;80;9735801954;B
20240304;100512;161.55;20;9735801955;B
20240304;100513;161.55;50;9735801966;B
20240304;100513;161.55;10;9735802019;B
20240304;100513;161.54;10;9735802137;S
20240304;100513;161.55;10;9735802178;B
20240304;100514;161.55;50;9735802367;B
20240304;100514;161.56;80;9735802368;B
20240304;100514;161.55;290;9735802421;S
20240304;100515;161.56;20;9735802459;B
20240304;100515;161.54;30;9735802673;S
20240304;100515;161.54;10;9735802674;S
20240304;100516;161.55;50;9735803288;B
20240304;100517;161.55;50;9735803339;B
20240304;100517;161.55;10;9735803365;B
20240304;100517;161.55;50;9735803383;B
20240304;100517;161.55;50;9735803413;B
20240304;100519;161.55;30;9735803813;B
20240304;100519;161.55;60;9735803814;B
20240304;100519;161.55;50;9735803934;B
20240304;100519;161.55;10;9735803950;B
20240304;100519;161.55;2880;9735803967;B
20240304;100519;161.56;1430;9735803968;B
20240304;100519;161.56;70;9735803969;B
20240304;100519;161.56;2500;9735803970;B
20240304;100519;161.57;800;9735803971;B
20240304;100519;161.57;150;9735803972;B
20240304;100519;161.59;100;9735803973;B
20240304;100519;161.6;70;9735803974;B
20240304;100519;161.6;30;9735803975;B
20240304;100519;161.6;890;9735803976;B
20240304;100519;161.6;500;9735803977;B
20240304;100519;161.6;50;9735803978;B
20240304;100519;161.6;3720;9735803979;B
20240304;100519;161.61;8000;9735803980;B
20240304;100519;161.61;500;9735803981;B
20240304;100519;161.61;200;9735803982;B
20240304;100519;161.61;2250;9735803983;B
20240304;100521;161.6;2000;9735804270;B
20240304;100521;161.58;10;9735804334;S
20240304;100522;161.6;10;9735804709;B
20240304;100523;161.6;260;9735804833;B
20240304;100524;161.6;10;9735805062;B
20240304;100525;161.6;10;9735805153;B
20240304;100526;161.59;130;9735805470;S
20240304;100526;161.58;10;9735805488;S
20240304;100529;161.6;10;9735805928;B
20240304;100529;161.6;10;9735806068;B
20240304;100531;161.6;30;9735806435;B
20240304;100532;161.6;250;9735806725;B
20240304;100533;161.6;20;9735807158;B
20240304;100534;161.6;40;9735807173;B
20240304;100535;161.59;10;9735807403;S
20240304;100535;161.58;650;9735807511;S
20240304;100536;161.6;20;9735807679;B
20240304;100537;161.6;20;9735807870;B
20240304;100537;161.58;600;9735807873;S
20240304;100537;161.6;740;9735807972;B
20240304;100537;161.6;20;9735807990;B
20240304;100538;161.6;1860;9735808007;B
20240304;100538;161.6;10;9735808021;B
20240304;100539;161.6;300;9735808253;B
20240304;100540;161.6;10;9735808399;B
20240304;100540;161.6;20;9735808435;B
20240304;100540;161.59;1860;9735808575;S
20240304;100540;161.59;300;9735808576;S
20240304;100541;161.59;10;9735808721;S
20240304;100541;161.59;10;9735808788;S
20240304;100542;161.59;700;9735809117;S
20240304;100543;161.6;10;9735809292;B
20240304;100543;161.6;10;9735809461;B
20240304;100543;161.6;10;9735809473;B
20240304;100543;161.6;10;9735809474;B
20240304;100543;161.6;20;9735809555;B
20240304;100544;161.6;120;9735809629;B
20240304;100544;161.6;10;9735809676;B
20240304;100544;161.6;180;9735809714;B
20240304;100544;161.6;550;9735809749;B
20240304;100544;161.59;50;9735809841;S
20240304;100545;161.6;10;9735810055;B
20240304;100546;161.6;10;9735810151;B
20240304;100546;161.6;40;9735810152;B
20240304;100547;161.6;20;9735810577;B
20240304;100548;161.59;690;9735810869;S
20240304;100548;161.59;400;9735810871;S
20240304;100548;161.59;300;9735810872;S
20240304;100548;161.59;140;9735810944;B
20240304;100549;161.59;1860;9735811092;S
20240304;100549;161.59;620;9735811102;B
20240304;100549;161.59;1860;9735811152;S
20240304;100549;161.59;500;9735811158;B
20240304;100549;161.59;1860;9735811159;S
20240304;100549;161.58;10;9735811191;S
20240304;100550;161.58;2060;9735811346;S
20240304;100550;161.58;30;9735811347;S
20240304;100550;161.57;20;9735811446;S
20240304;100553;161.59;10;9735811976;B
20240304;100553;161.59;100;9735811977;B
20240304;100553;161.59;110;9735811978;S
20240304;100554;161.6;20;9735812083;B
20240304;100554;161.6;10;9735812111;B
20240304;100554;161.6;30;9735812173;B
20240304;100554;161.59;10;9735812224;S
20240304;100555;161.6;250;9735812471;B
20240304;100556;161.59;10;9735812541;S
20240304;100556;161.6;20;9735812661;B
20240304;100556;161.59;10;9735812672;S
20240304;100556;161.6;10;9735812776;B
20240304;100557;161.6;30;9735812851;B
20240304;100558;161.59;50;9735813026;S
20240304;100558;161.6;10;9735813164;B
20240304;100559;161.6;10;9735813270;B
20240304;100559;161.59;10;9735813397;S
20240304;100600;161.6;10;9735813415;B
20240304;100600;161.59;10;9735813455;S
20240304;100601;161.59;90;9735813644;S
20240304;100601;161.59;100;9735813645;S
20240304;100601;161.59;100;9735813646;S
20240304;100601;161.59;10;9735813673;B
20240304;100601;161.58;50;9735813745;S
20240304;100601;161.58;30;9735813746;S
20240304;100601;161.58;10;9735813830;S
20240304;100602;161.58;820;9735814108;S
20240304;100602;161.58;300;9735814109;S
20240304;100602;161.57;880;9735814110;S
20240304;100604;161.59;50;9735814524;B
20240304;100605;161.57;70;9735814730;S
20240304;100605;161.59;10;9735814811;B
20240304;100607;161.59;550;9735815181;B
20240304;100607;161.59;90;9735815368;B
20240304;100609;161.59;20;9735815701;B
20240304;100609;161.57;60;9735815840;S
20240304;100611;161.57;600;9735816346;S
20240304;100611;161.57;10;9735816391;S
20240304;100611;161.58;50;9735816402;B
20240304;100611;161.58;10;9735816471;B
20240304;100611;161.57;10;9735816472;S
20240304;100612;161.58;10;9735816559;B
20240304;100612;161.57;10;9735816730;S
20240304;100612;161.59;840;9735816784;B
20240304;100612;161.59;160;9735816785;B
20240304;100612;161.59;340;9735816786;B
20240304;100613;161.6;10;9735816953;B
20240304;100613;161.59;250;9735816954;S
20240304;100613;161.59;360;9735817023;S
20240304;100614;161.6;10;9735817135;B
20240304;100615;161.6;20;9735817261;B
20240304;100615;161.6;10;9735817277;B
20240304;100615;161.6;10;9735817304;B
20240304;100616;161.6;60;9735817463;B
20240304;100617;161.6;10;9735817947;B
20240304;100618;161.6;10;9735818257;B
20240304;100618;161.6;10;9735818456;B
20240304;100618;161.59;50;9735818487;S
20240304;100618;161.59;90;9735818488;S
20240304;100620;161.59;10;9735818950;S
20240304;100620;161.6;10;9735818987;B
20240304;100621;161.59;300;9735819108;S
20240304;100621;161.59;10;9735819109;S
20240304;100621;161.59;100;9735819110;S
20240304;100621;161.59;1090;9735819111;S
20240304;100621;161.6;10;9735819137;B
20240304;100621;161.59;10;9735819184;S
20240304;100622;161.59;10;9735819399;S
20240304;100622;161.6;80;9735819411;B
20240304;100623;161.6;170;9735819605;B
20240304;100623;161.6;90;9735819606;B
20240304;100623;161.59;10;9735819626;S
20240304;100624;161.59;10;9735819802;S
20240304;100624;161.59;10;9735819819;S
20240304;100624;161.6;20;9735819831;B
20240304;100624;161.6;20;9735819832;B
20240304;100624;161.6;10;9735819833;B
20240304;100624;161.6;950;9735819834;B
20240304;100624;161.6;350;9735819835;B
20240304;100624;161.6;650;9735819836;B
20240304;100624;161.6;1000;9735819837;B
20240304;100625;161.6;120;9735820031;S
20240304;100626;161.61;820;9735820213;B
20240304;100626;161.61;100;9735820214;B
20240304;100626;161.62;1380;9735820215;B
20240304;100626;161.62;20;9735820330;B
20240304;100626;161.6;50;9735820345;S
20240304;100626;161.6;20;9735820357;S
20240304;100627;161.62;2200;9735820473;B
20240304;100628;161.61;50;9735820682;S
20240304;100628;161.61;370;9735820683;S
20240304;100628;161.62;500;9735820718;B
20240304;100628;161.62;20;9735820724;B
20240304;100630;161.61;10;9735821220;S
20240304;100630;161.62;10;9735821254;B
20240304;100630;161.61;10;9735821325;S
20240304;100631;161.62;30;9735821405;B
20240304;100633;161.62;60;9735822186;B
20240304;100634;161.62;1000;9735822353;B
20240304;100634;161.61;200;9735822421;S
20240304;100635;161.62;50;9735822571;B
20240304;100636;161.62;130;9735822605;B
20240304;100636;161.62;1000;9735822628;B
20240304;100636;161.62;500;9735822739;B
20240304;100637;161.61;280;9735822932;S
20240304;100637;161.62;10;9735823040;B
20240304;100638;161.62;10;9735823056;B
20240304;100638;161.61;20;9735823227;S
20240304;100638;161.61;340;9735823228;S
20240304;100638;161.61;500;9735823229;S
20240304;100638;161.61;1000;9735823230;S
20240304;100638;161.61;760;9735823231;S
20240304;100640;161.61;3680;9735823495;S
20240304;100641;161.62;10;9735823825;B
20240304;100642;161.61;1000;9735824196;S
20240304;100642;161.61;600;9735824197;S
20240304;100643;161.61;400;9735824324;S
20240304;100643;161.61;1000;9735824325;S
20240304;100643;161.61;20;9735824326;S
20240304;100643;161.6;110;9735824327;S
20240304;100643;161.62;5490;9735824338;B
20240304;100643;161.62;200;9735824339;B
20240304;100643;161.62;80;9735824340;B
20240304;100643;161.62;2830;9735824341;S
20240304;100643;161.62;100;9735824342;B
20240304;100644;161.62;10;9735824582;B
20240304;100644;161.6;100;9735824625;S
20240304;100644;161.63;340;9735824664;B
20240304;100644;161.63;2000;9735824665;B
20240304;100644;161.64;50;9735824668;B
20240304;100644;161.63;140;9735824732;S
20240304;100646;161.63;10;9735825000;S
20240304;100647;161.63;50;9735825355;S
20240304;100648;161.64;10;9735825512;B
20240304;100648;161.64;600;9735825737;B
20240304;100649;161.64;10;9735825792;B
20240304;100650;161.63;20;9735825989;S
20240304;100651;161.63;780;9735826327;S
20240304;100651;161.63;350;9735826328;S
20240304;100651;161.62;410;9735826329;S
20240304;100652;161.63;10;9735826554;S
20240304;100652;161.64;10;9735826727;B
20240304;100654;161.64;10;9735827104;B
20240304;100655;161.64;40;9735827454;B
20240304;100655;161.63;10;9735827461;S
20240304;100656;161.63;30;9735827510;S
20240304;100656;161.64;10;9735827541;B
20240304;100656;161.63;150;9735827712;S
20240304;100657;161.64;10;9735827851;B
20240304;100657;161.64;20;9735827872;B
20240304;100657;161.64;480;9735827873;B
20240304;100657;161.64;800;9735827918;S
20240304;100657;161.64;430;9735827919;S
20240304;100657;161.64;340;9735827920;S
20240304;100657;161.64;1480;9735827949;S
20240304;100657;161.64;10;9735827950;S
20240304;100658;161.63;10;9735828118;S
20240304;100659;161.64;1430;9735828242;B
20240304;100659;161.64;200;9735828295;S
20240304;100659;161.65;100;9735828327;B
20240304;100700;161.63;10;9735828458;S
20240304;100700;161.63;690;9735828604;S
20240304;100700;161.63;310;9735828605;S
20240304;100700;161.63;420;9735828606;S
20240304;100701;161.62;10;9735828771;S
20240304;100702;161.63;100;9735828997;B
20240304;100702;161.63;10;9735828998;B
20240304;100702;161.63;200;9735829076;B
20240304;100703;161.63;790;9735829107;S
20240304;100703;161.63;420;9735829108;S
20240304;100703;161.62;1180;9735829109;S
20240304;100703;161.62;90;9735829110;S
20240304;100703;161.62;20;9735829111;S
20240304;100703;161.62;430;9735829112;S
20240304;100703;161.61;500;9735829113;S
20240304;100703;161.61;10;9735829114;S
20240304;100703;161.61;430;9735829115;S
20240304;100703;161.61;3000;9735829116;S
20240304;100703;161.6;220;9735829117;S
20240304;100703;161.6;10;9735829118;S
20240304;100703;161.6;500;9735829119;S
20240304;100703;161.6;5400;9735829120;S
20240304;100703;161.61;500;9735829121;B
20240304;100704;161.61;100;9735829370;B
20240304;100704;161.61;10;9735829377;B
20240304;100704;161.61;50;9735829414;B
20240304;100704;161.61;140;9735829469;B
20240304;100704;161.61;160;9735829470;B
20240304;100704;161.61;100;9735829511;B
20240304;100704;161.61;10;9735829554;B
20240304;100705;161.61;730;9735829875;B
20240304;100705;161.61;350;9735829876;B
20240304;100706;161.6;10;9735830126;S
20240304;100707;161.61;10;9735830372;B
20240304;100708;161.61;310;9735830444;B
20240304;100708;161.61;10;9735830504;B
20240304;100708;161.61;120;9735830531;B
20240304;100708;161.6;10;9735830543;S
20240304;100708;161.61;10;9735830554;B
20240304;100709;161.6;250;9735830595;S
20240304;100709;161.61;10;9735830601;B
20240304;100709;161.61;10;9735830685;B
20240304;100709;161.61;100;9735830809;B
20240304;100711;161.61;30;9735831172;B
20240304;100712;161.6;100;9735831341;S
20240304;100712;161.61;190;9735831422;B
20240304;100712;161.61;310;9735831423;B
20240304;100712;161.6;200;9735831569;S
20240304;100713;161.61;20;9735831776;B
20240304;100713;161.61;10;9735831856;B
20240304;100714;161.61;10;9735832086;B
20240304;100714;161.61;760;9735832120;B
20240304;100714;161.62;420;9735832121;B
20240304;100714;161.63;800;9735832122;B
20240304;100714;161.64;1410;9735832123;B
20240304;100714;161.64;10;9735832124;B
20240304;100714;161.64;550;9735832125;B
20240304;100714;161.64;50;9735832126;B
20240304;100714;161.65;10;9735832278;B
20240304;100714;161.65;10;9735832292;B
20240304;100715;161.64;20;9735832368;S
20240304;100715;161.65;20;9735832373;B
20240304;100715;161.65;50;9735832565;S
20240304;100716;161.66;30;9735832844;B
20240304;100716;161.66;200;9735832845;B
20240304;100716;161.66;10;9735832846;B
20240304;100717;161.65;950;9735832971;S
20240304;100717;161.64;10;9735833042;B
20240304;100717;161.64;10;9735833076;B
20240304;100717;161.61;50;9735833091;S
20240304;100717;161.61;260;9735833092;S
20240304;100717;161.6;190;9735833093;S
20240304;100717;161.63;60;9735833101;B
20240304;100720;161.64;50;9735833545;B
20240304;100720;161.64;10;9735833559;B
20240304;100720;161.62;10;9735833609;S
20240304;100720;161.61;30;9735833610;S
20240304;100722;161.61;270;9735833948;S
20240304;100722;161.61;410;9735833949;S
20240304;100722;161.61;10;9735833950;S
20240304;100722;161.6;1840;9735833951;S
20240304;100722;161.6;900;9735833952;S
20240304;100722;161.6;270;9735833953;S
20240304;100722;161.62;50;9735834080;B
20240304;100726;161.6;10;9735834935;S
20240304;100728;161.6;120;9735835425;S
20240304;100728;161.6;10;9735835426;S
20240304;100728;161.6;1000;9735835427;S
20240304;100728;161.6;2000;9735835428;S
20240304;100728;161.6;10;9735835429;S
20240304;100728;161.6;10;9735835430;S
20240304;100728;161.6;1000;9735835431;B
20240304;100729;161.6;10;9735835587;B
20240304;100729;161.59;50;9735835655;S
20240304;100729;161.59;10;9735835656;S
20240304;100729;161.58;50;9735835660;S
20240304;100729;161.58;10;9735835661;S
20240304;100729;161.58;10;9735835662;S
20240304;100729;161.58;500;9735835663;S
20240304;100729;161.57;30;9735835671;S
20240304;100729;161.58;100;9735835777;B
20240304;100730;161.57;820;9735835859;S
20240304;100730;161.57;1430;9735835860;S
20240304;100730;161.56;10;9735835861;S
20240304;100730;161.55;10;9735835862;S
20240304;100730;161.55;200;9735835863;S
20240304;100730;161.55;100;9735835864;S
20240304;100730;161.55;10;9735835865;S
20240304;100730;161.55;20;9735835866;S
20240304;100730;161.55;410;9735835867;S
20240304;100730;161.54;10;9735835868;S
20240304;100730;161.54;30;9735835895;S
20240304;100730;161.54;300;9735836008;B
20240304;100730;161.54;590;9735836009;B
20240304;100730;161.54;10;9735836014;B
20240304;100730;161.53;10;9735836075;S
20240304;100731;161.54;20;9735836395;B
20240304;100732;161.53;10;9735836584;S
20240304;100733;161.54;20;9735836635;B
20240304;100733;161.54;10;9735836717;B
20240304;100733;161.53;10;9735836757;S
20240304;100733;161.53;10;9735836761;S
20240304;100734;161.54;10;9735836838;B
20240304;100734;161.54;10;9735837008;B
20240304;100736;161.54;20;9735837300;B
20240304;100736;161.53;20;9735837355;S
20240304;100736;161.54;10;9735837371;B
20240304;100737;161.54;620;9735837482;B
20240304;100737;161.54;60;9735837568;B
20240304;100738;161.54;10;9735837653;B
20240304;100739;161.53;20;9735838572;S
20240304;100742;161.55;400;9735839350;B
20240304;100742;161.55;800;9735839351;B
20240304;100742;161.56;1000;9735839352;B
20240304;100742;161.56;2030;9735839353;B
20240304;100742;161.57;300;9735839354;B
20240304;100742;161.59;870;9735839355;B
20240304;100742;161.59;1860;9735839356;B
20240304;100742;161.6;1840;9735839357;B
20240304;100742;161.6;20;9735839358;B
20240304;100742;161.6;900;9735839359;B
20240304;100742;161.6;2160;9735839360;B
20240304;100742;161.61;500;9735839361;B
20240304;100742;161.62;500;9735839362;B
20240304;100742;161.62;800;9735839363;B
20240304;100742;161.63;500;9735839364;B
20240304;100742;161.63;1000;9735839365;B
20240304;100742;161.63;3720;9735839366;B
20240304;100742;161.64;200;9735839367;B
20240304;100742;161.64;1000;9735839368;B
20240304;100742;161.64;500;9735839369;B
20240304;100742;161.64;3400;9735839370;B
20240304;100742;161.65;1000;9735839371;B
20240304;100742;161.65;500;9735839372;B
20240304;100742;161.65;230;9735839373;B
20240304;100742;161.65;3970;9735839374;B
20240304;100744;161.6;10;9735839721;B
20240304;100745;161.57;150;9735839994;S
20240304;100745;161.57;850;9735840059;S
20240304;100745;161.56;50;9735840060;S
20240304;100746;161.59;380;9735840190;B
20240304;100746;161.6;610;9735840191;B
20240304;100746;161.56;150;9735840227;S
20240304;100746;161.59;10;9735840235;B
20240304;100747;161.55;400;9735840381;S
20240304;100747;161.55;90;9735840433;S
20240304;100749;161.59;200;9735841005;B
20240304;100750;161.6;10;9735841096;B
20240304;100750;161.61;150;9735841097;B
20240304;100751;161.55;40;9735841356;S
20240304;100751;161.55;140;9735841357;S
20240304;100751;161.55;150;9735841450;S
20240304;100754;161.58;20;9735842136;B
20240304;100754;161.59;10;9735842235;B
20240304;100754;161.57;20;9735842354;S
20240304;100756;161.6;180;9735843186;B
20240304;100756;161.62;10;9735843261;B
20240304;100756;161.58;20;9735843365;S
20240304;100756;161.58;10;9735843441;S
20240304;100758;161.6;20;9735843736;S
20240304;100758;161.58;30;9735843737;S
20240304;100800;161.61;130;9735844029;B
20240304;100801;161.62;100;9735844317;B
20240304;100802;161.59;20;9735844610;S
20240304;100802;161.58;20;9735844611;S
20240304;100802;161.6;30;9735844631;B
20240304;100805;161.6;80;9735845373;B
20240304;100805;161.6;250;9735845439;B
20240304;100806;161.58;500;9735845606;S
20240304;100806;161.58;340;9735845607;S
20240304;100806;161.57;1000;9735845608;S
20240304;100806;161.56;410;9735845609;S
20240304;100806;161.55;250;9735845610;S
20240304;100806;161.6;170;9735845652;B
20240304;100808;161.59;60;9735846219;B
20240304;100809;161.57;50;9735846468;B
20240304;100812;161.57;20;9735847175;B
20240304;100813;161.57;120;9735847264;B
20240304;100814;161.57;40;9735847466;B
20240304;100814;161.56;10;9735847477;S
20240304;100814;161.57;40;9735847686;B
20240304;100816;161.57;10;9735847920;B
20240304;100816;161.57;20;9735847928;B
20240304;100816;161.57;10;9735847947;B
20240304;100816;161.56;740;9735848002;S
20240304;100816;161.56;10;9735848040;S
20240304;100816;161.56;10;9735848127;S
20240304;100817;161.55;10;9735848184;S
20240304;100817;161.55;30;9735848185;S
20240304;100817;161.54;560;9735848186;S
20240304;100817;161.55;10;9735848273;B
20240304;100817;161.55;30;9735848331;B
20240304;100818;161.55;10;9735848384;B
20240304;100818;161.54;610;9735848393;S
20240304;100819;161.55;760;9735848625;B
20240304;100819;161.56;20;9735848637;B
20240304;100819;161.55;20;9735848785;S
20240304;100820;161.55;10;9735848860;S
20240304;100820;161.56;30;9735848951;B
20240304;100820;161.56;50;9735848968;B
20240304;100821;161.56;10;9735849048;B
20240304;100821;161.55;10;9735849054;S
20240304;100821;161.56;10;9735849178;B
20240304;100821;161.55;500;9735849193;S
20240304;100821;161.55;10;9735849210;S
20240304;100822;161.55;10;9735849435;S
20240304;100823;161.55;10;9735849593;S
20240304;100824;161.55;270;9735849648;S
20240304;100824;161.54;430;9735849649;S
20240304;100825;161.56;20;9735849846;B
20240304;100825;161.54;500;9735849921;S
20240304;100825;161.56;10;9735849922;B
20240304;100825;161.56;20;9735850001;B
20240304;100825;161.55;30;9735850002;S
20240304;100827;161.56;10;9735850346;B
20240304;100828;161.56;60;9735850558;B
20240304;100829;161.56;90;9735850701;B
20240304;100829;161.55;350;9735851002;S
20240304;100830;161.56;100;9735851300;B
20240304;100830;161.56;10;9735851359;B
20240304;100831;161.56;20;9735851654;B
20240304;100832;161.56;70;9735851723;S
20240304;100832;161.57;100;9735851764;B
20240304;100833;161.57;10;9735852073;B
20240304;100833;161.56;10;9735852087;S
20240304;100834;161.57;10;9735852184;B
20240304;100834;161.56;50;9735852237;S
20240304;100834;161.57;10;9735852276;B
20240304;100835;161.57;540;9735852508;B
20240304;100836;161.56;260;9735852690;S
20240304;100836;161.57;3000;9735852711;B
20240304;100836;161.57;10;9735852730;B
20240304;100838;161.57;10;9735853005;B
20240304;100838;161.57;10;9735853006;B
20240304;100838;161.59;20;9735853007;B
20240304;100838;161.56;220;9735853164;S
20240304;100838;161.56;30;9735853165;S
20240304;100838;161.57;50;9735853188;S
20240304;100838;161.56;970;9735853189;S
20240304;100838;161.56;500;9735853224;B
20240304;100838;161.55;500;9735853298;S
20240304;100839;161.56;10;9735853354;B
20240304;100839;161.56;10;9735853360;B
20240304;100839;161.55;100;9735853364;S
20240304;100839;161.56;1200;9735853401;B
20240304;100839;161.56;20;9735853405;B
20240304;100839;161.55;50;9735853575;S
20240304;100839;161.56;10;9735853576;B
20240304;100840;161.55;10;9735853724;S
20240304;100840;161.55;1380;9735853825;S
20240304;100841;161.56;20;9735854160;B
20240304;100842;161.55;90;9735854319;S
20240304;100843;161.55;10;9735854491;S
20240304;100845;161.55;10;9735854792;S
20240304;100845;161.55;10;9735854796;S
20240304;100845;161.56;30;9735854890;B
20240304;100846;161.56;10;9735854946;B
20240304;100846;161.56;5000;9735854989;B
20240304;100847;161.55;60;9735855208;S
20240304;100848;161.55;100;9735855365;S
20240304;100849;161.56;2170;9735855453;B
20240304;100851;161.56;10;9735855774;S
20240304;100851;161.56;100;9735855787;S
20240304;100853;161.56;20;9735856174;S
20240304;100853;161.57;20;9735856336;B
20240304;100855;161.57;10;9735856596;B
20240304;100855;161.57;10;9735856648;S
20240304;100856;161.57;990;9735856959;S
20240304;100857;161.59;150;9735857055;B
20240304;100858;161.6;60;9735857360;B
20240304;100902;161.59;100;9735858133;B
20240304;100904;161.57;590;9735858639;S
20240304;100905;161.59;10;9735858973;B
20240304;100906;161.59;30;9735859085;B
20240304;100906;161.57;20;9735859128;S
20240304;100906;161.59;10;9735859252;B
20240304;100909;161.58;100;9735859739;B
20240304;100910;161.57;250;9735860012;S
20240304;100910;161.57;20;9735860013;S
20240304;100910;161.57;20;9735860014;S
20240304;100910;161.56;310;9735860015;S
20240304;100911;161.59;20;9735860077;B
20240304;100915;161.58;10;9735860995;B
20240304;100915;161.57;30;9735861061;S
20240304;100916;161.57;10;9735861284;S
20240304;100917;161.58;10;9735861423;B
20240304;100917;161.57;60;9735861574;S
20240304;100917;161.57;30;9735861602;B
20240304;100918;161.57;10;9735861729;B
20240304;100918;161.57;10;9735861844;B
20240304;100919;161.57;20;9735861928;B
20240304;100920;161.57;70;9735862080;B
20240304;100920;161.57;10;9735862150;B
20240304;100920;161.57;20;9735862172;B
20240304;100921;161.56;10;9735862335;S
20240304;100923;161.57;130;9735862720;B
20240304;100923;161.57;570;9735862721;B
20240304;100923;161.56;1030;9735862814;S
20240304;100923;161.56;4460;9735862815;S
20240304;100923;161.56;450;9735862816;S
20240304;100923;161.55;1410;9735862817;S
20240304;100924;161.56;300;9735862920;B
20240304;100924;161.56;890;9735862921;B
20240304;100924;161.56;360;9735862922;B
20240304;100924;161.56;1000;9735862923;B
20240304;100924;161.56;1000;9735862924;B
20240304;100924;161.56;800;9735862925;B
20240304;100924;161.57;430;9735862926;B
20240304;100924;161.57;780;9735862927;B
20240304;100924;161.57;620;9735862928;B
20240304;100926;161.56;20;9735863482;S
20240304;100928;161.57;200;9735863950;B
20240304;100929;161.57;800;9735864043;B
20240304;100929;161.57;20;9735864044;B
20240304;100929;161.57;10;9735864133;S
20240304;100929;161.58;360;9735864171;B
20240304;100929;161.58;440;9735864172;B
20240304;100929;161.58;300;9735864173;B
20240304;100929;161.58;1000;9735864174;B
20240304;100929;161.58;400;9735864175;B
20240304;100930;161.57;80;9735864395;S
20240304;100931;161.57;1090;9735864607;S
20240304;100931;161.57;30;9735864608;S
20240304;100931;161.56;50;9735864609;S
20240304;100931;161.56;420;9735864610;S
20240304;100932;161.57;10;9735864662;B
20240304;100932;161.56;70;9735864663;S
20240304;100932;161.55;1500;9735864664;S
20240304;100932;161.55;1500;9735864745;S
20240304;100932;161.55;20;9735864778;S
20240304;100932;161.55;1440;9735864794;S
20240304;100933;161.55;10;9735864874;S
20240304;100933;161.56;30;9735864882;B
20240304;100933;161.55;750;9735864988;S
20240304;100934;161.55;10;9735865095;S
20240304;100935;161.55;40;9735865240;S
20240304;100935;161.56;10;9735865274;B
20240304;100935;161.55;10;9735865293;S
20240304;100935;161.56;40;9735865352;B
20240304;100936;161.56;10;9735865482;B
20240304;100937;161.55;1050;9735865809;S
20240304;100938;161.56;50;9735866022;B
20240304;100939;161.56;660;9735866077;B
20240304;100939;161.56;1000;9735866078;B
20240304;100939;161.56;1860;9735866079;B
20240304;100939;161.56;300;9735866080;B
20240304;100939;161.56;50;9735866081;B
20240304;100939;161.56;50;9735866082;B
20240304;100939;161.56;80;9735866083;B
20240304;100940;161.56;70;9735866377;B
20240304;100940;161.55;40;9735866458;S
20240304;100941;161.55;40;9735866593;S
20240304;100942;161.55;10;9735866708;S
20240304;100943;161.55;100;9735866943;S
20240304;100944;161.56;10;9735867123;B
20240304;100944;161.55;10;9735867147;S
20240304;100944;161.55;10;9735867150;S
20240304;100945;161.55;10;9735867358;S
20240304;100946;161.56;10;9735867532;B
20240304;100946;161.56;80;9735867620;B
20240304;100946;161.56;30;9735867764;B
20240304;100947;161.56;20;9735867781;B
20240304;100947;161.56;30;9735867799;B
20240304;100947;161.56;20;9735867813;B
20240304;100947;161.55;10;9735867868;S
20240304;100947;161.55;30;9735867930;S
20240304;100948;161.55;10;9735867942;S
20240304;100948;161.55;10;9735867943;S
20240304;100948;161.56;230;9735867953;B
20240304;100948;161.56;50;9735867954;B
20240304;100948;161.56;50;9735867955;B
20240304;100948;161.56;170;9735867956;B
20240304;100948;161.56;10;9735868076;B
20240304;100948;161.55;10;9735868135;S
20240304;100950;161.56;620;9735868407;B
20240304;100950;161.56;50;9735868408;B
20240304;100950;161.56;50;9735868409;B
20240304;100950;161.56;200;9735868410;B
20240304;100951;161.57;10;9735868560;B
20240304;100951;161.56;10;9735868579;S
20240304;100951;161.57;10;9735868728;B
20240304;100952;161.57;10;9735868821;B
20240304;100952;161.57;10;9735868834;B
20240304;100953;161.56;10;9735868964;S
20240304;100953;161.57;10;9735869076;B
20240304;100956;161.56;790;9735869458;S
20240304;100956;161.56;100;9735869549;S
20240304;100956;161.56;170;9735869550;S
20240304;100956;161.56;30;9735869551;S
20240304;100956;161.56;10;9735869557;B
20240304;100956;161.56;20;9735869608;B
20240304;100957;161.56;10;9735869637;B
20240304;100957;161.55;290;9735869740;S
20240304;100957;161.56;300;9735869751;B
20240304;100958;161.56;10;9735869927;B
20240304;100959;161.56;30;9735870138;B
20240304;100959;161.55;1550;9735870143;S
20240304;100959;161.56;500;9735870201;B
20240304;100959;161.55;930;9735870233;S
20240304;100959;161.55;100;9735870234;S
20240304;100959;161.55;400;9735870235;S
20240304;100959;161.55;60;9735870236;S
20240304;100959;161.55;60;9735870237;S
20240304;100959;161.55;20;9735870238;S
20240304;101000;161.55;1500;9735870322;S
20240304;101000;161.55;180;9735870405;S
20240304;101000;161.55;400;9735870406;S
20240304;101000;161.55;60;9735870407;S
20240304;101000;161.55;860;9735870408;S
20240304;101000;161.56;10;9735870499;B
20240304;101000;161.55;650;9735870513;S
20240304;101000;161.55;200;9735870514;S
20240304;101000;161.55;170;9735870515;S
20240304;101000;161.55;50;9735870516;S
20240304;101000;161.54;370;9735870517;S
20240304;101000;161.55;120;9735870605;B
20240304;101000;161.54;1550;9735870644;S
20240304;101001;161.54;1500;9735870739;S
20240304;101001;161.54;1430;9735870817;S
20240304;101001;161.54;4910;9735870876;S
20240304;101001;161.54;650;9735870912;S
20240304;101001;161.54;60;9735870931;S
20240304;101001;161.54;110;9735870968;S
20240304;101003;161.54;1160;9735871296;S
20240304;101003;161.55;30;9735871343;B
20240304;101004;161.54;520;9735871384;S
20240304;101004;161.55;30;9735871468;B
20240304;101004;161.55;10;9735871472;B
20240304;101004;161.54;10;9735871603;S
20240304;101005;161.55;730;9735871653;B
20240304;101005;161.55;800;9735871654;B
20240304;101005;161.55;1000;9735871655;B
20240304;101005;161.55;300;9735871656;B
20240304;101005;161.56;1270;9735871657;B
20240304;101005;161.56;1000;9735871658;B
20240304;101005;161.56;370;9735871659;B
20240304;101005;161.57;940;9735871660;B
20240304;101005;161.57;50;9735871661;B
20240304;101005;161.57;620;9735871662;B
20240304;101005;161.57;10;9735871663;B
20240304;101005;161.58;10;9735871664;B
20240304;101005;161.58;1860;9735871665;B
20240304;101005;161.58;220;9735871666;B
20240304;101005;161.58;230;9735871667;B
20240304;101005;161.59;1840;9735871668;B
20240304;101005;161.59;50;9735871669;B
20240304;101005;161.59;10;9735871670;B
20240304;101005;161.59;200;9735871671;B
20240304;101005;161.59;230;9735871672;B
20240304;101005;161.59;250;9735871673;B
20240304;101005;161.6;80;9735871674;B
20240304;101005;161.6;37930;9735871675;B
20240304;101005;161.54;10;9735871756;S
20240304;101005;161.55;40;9735871893;B
20240304;101006;161.55;30;9735872014;B
20240304;101006;161.54;10;9735872142;S
20240304;101008;161.54;10;9735872361;S
20240304;101008;161.54;550;9735872475;S
20240304;101009;161.54;90;9735872600;S
20240304;101009;161.55;50;9735872605;B
20240304;101009;161.55;20;9735872721;B
20240304;101009;161.54;1590;9735872868;S
20240304;101010;161.54;1510;9735873008;S
20240304;101010;161.54;1460;9735873097;S
20240304;101010;161.54;350;9735873111;S
20240304;101011;161.55;10;9735873240;B
20240304;101011;161.54;20;9735873358;S
20240304;101012;161.54;310;9735873536;S
20240304;101012;161.55;280;9735873564;B
20240304;101014;161.54;100;9735873835;S
20240304;101014;161.54;100;9735873836;S
20240304;101014;161.54;100;9735873837;S
20240304;101014;161.54;100;9735873838;S
20240304;101014;161.54;100;9735873839;S
20240304;101014;161.54;100;9735873840;S
20240304;101014;161.54;100;9735873841;S
20240304;101014;161.54;100;9735873842;S
20240304;101014;161.54;100;9735873843;S
20240304;101014;161.54;10;9735873880;S
20240304;101016;161.54;10;9735874147;S
20240304;101016;161.55;690;9735874211;B
20240304;101016;161.55;30;9735874212;B
20240304;101016;161.55;300;9735874213;B
20240304;101016;161.55;800;9735874214;B
20240304;101016;161.55;930;9735874215;B
20240304;101016;161.54;30;9735874252;S
20240304;101017;161.54;120;9735874399;S
20240304;101017;161.54;100;9735874430;S
20240304;101018;161.55;20;9735874553;B
20240304;101018;161.54;80;9735874573;S
20240304;101018;161.55;10;9735874633;B
20240304;101018;161.55;40;9735874641;B
20240304;101019;161.54;6400;9735874739;S
20240304;101019;161.54;7110;9735874817;S
20240304;101019;161.54;3880;9735874819;S
20240304;101019;161.54;11080;9735874901;S
20240304;101019;161.54;20;9735874902;S
20240304;101019;161.54;500;9735874903;S
20240304;101019;161.54;10;9735874904;S
20240304;101019;161.54;150;9735874905;S
20240304;101019;161.54;10;9735874906;S
20240304;101019;161.53;550;9735874907;S
20240304;101019;161.53;10;9735874908;S
20240304;101019;161.53;1500;9735874909;S
20240304;101019;161.53;70;9735874910;S
20240304;101019;161.53;30;9735874911;S
20240304;101019;161.53;60;9735874912;S
20240304;101019;161.53;390;9735874913;S
20240304;101019;161.52;10620;9735874914;S
20240304;101020;161.53;10;9735874970;B
20240304;101020;161.53;10;9735875019;B
20240304;101020;161.53;980;9735875037;B
20240304;101020;161.53;20;9735875038;B
20240304;101020;161.52;150;9735875081;S
20240304;101021;161.53;20;9735875289;B
20240304;101022;161.53;10;9735875460;B
20240304;101023;161.52;130;9735875866;S
20240304;101024;161.53;10;9735875952;B
20240304;101024;161.52;1170;9735875970;S
20240304;101024;161.53;20;9735876093;B
20240304;101024;161.52;1660;9735876159;S
20240304;101024;161.52;1590;9735876326;S
20240304;101024;161.52;1520;9735876434;S
20240304;101024;161.53;10;9735876473;B
20240304;101027;161.52;10;9735876939;S
20240304;101028;161.53;710;9735877186;B
20240304;101028;161.53;290;9735877187;B
20240304;101029;161.52;20;9735877452;S
20240304;101029;161.52;30;9735877479;S
20240304;101029;161.53;10;9735877571;B
20240304;101029;161.53;350;9735877572;B
20240304;101029;161.53;630;9735877573;B
20240304;101031;161.53;10;9735877863;B
20240304;101031;161.52;11820;9735877879;S
20240304;101031;161.52;30;9735877880;S
20240304;101031;161.52;20;9735877881;S
20240304;101031;161.52;70;9735877882;S
20240304;101031;161.52;100;9735877883;S
20240304;101031;161.52;10;9735877884;S
20240304;101031;161.52;10000;9735877885;S
20240304;101031;161.51;30;9735877886;S
20240304;101031;161.51;10;9735877887;S
20240304;101031;161.51;1290;9735877888;S
20240304;101031;161.51;10;9735877889;S
20240304;101031;161.51;50;9735877890;S
20240304;101031;161.51;10;9735877891;S
20240304;101031;161.51;1550;9735877892;S
20240304;101031;161.51;500;9735877893;S
20240304;101031;161.51;20;9735877894;S
20240304;101031;161.5;10;9735877936;S
20240304;101032;161.51;20;9735878306;B
20240304;101032;161.5;3830;9735878322;S
20240304;101032;161.5;1600;9735878323;S
20240304;101032;161.5;10;9735878324;S
20240304;101032;161.5;500;9735878325;S
20240304;101032;161.5;10;9735878326;S
20240304;101032;161.5;10;9735878327;S
20240304;101032;161.5;1810;9735878328;S
20240304;101033;161.51;10;9735878473;B
20240304;101033;161.5;100;9735878544;S
20240304;101033;161.51;20;9735878686;B
20240304;101034;161.51;40;9735878769;B
20240304;101034;161.51;60;9735878796;B
20240304;101034;161.51;10;9735878812;B
20240304;101034;161.51;10;9735878891;B
20240304;101035;161.51;130;9735879071;B
20240304;101035;161.51;150;9735879072;B
20240304;101036;161.5;70;9735879328;S
20240304;101036;161.51;500;9735879414;B
20240304;101037;161.51;80;9735879498;B
20240304;101037;161.51;60;9735879570;B
20240304;101038;161.51;30;9735879636;B
20240304;101038;161.5;920;9735879682;S
20240304;101038;161.5;290;9735879749;S
20240304;101039;161.51;10;9735879826;B
20240304;101043;161.5;500;9735880625;S
20240304;101043;161.51;90;9735880636;B
20240304;101043;161.51;10;9735880705;B
20240304;101043;161.5;10;9735880744;S
20240304;101044;161.51;10;9735880762;B
20240304;101045;161.5;4000;9735881033;S
20240304;101046;161.51;20;9735881161;B
20240304;101046;161.51;40;9735881265;B
20240304;101046;161.51;20;9735881266;B
20240304;101049;161.5;10;9735881913;S
20240304;101049;161.5;1680;9735881995;S
20240304;101049;161.5;20;9735881996;S
20240304;101050;161.5;590;9735882103;S
20240304;101050;161.5;10;9735882104;S
20240304;101050;161.5;100;9735882105;S
20240304;101050;161.5;10;9735882106;S
20240304;101050;161.5;1000;9735882107;S
20240304;101050;161.5;10;9735882108;S
20240304;101050;161.5;10;9735882109;S
20240304;101050;161.5;10;9735882110;S
20240304;101050;161.5;20;9735882111;S
20240304;101050;161.5;100;9735882112;S
20240304;101050;161.5;30;9735882113;S
20240304;101050;161.5;100;9735882114;S
20240304;101050;161.5;10;9735882115;S
20240304;101050;161.5;100;9735882116;S
20240304;101050;161.5;10;9735882117;S
20240304;101050;161.5;100;9735882118;S
20240304;101050;161.5;100;9735882119;S
20240304;101050;161.5;30;9735882120;S
20240304;101050;161.5;1720;9735882145;S
20240304;101050;161.5;30;9735882151;S
20240304;101050;161.5;20;9735882176;S
20240304;101050;161.5;10;9735882238;S
20240304;101051;161.5;50;9735882288;S
20240304;101051;161.5;80;9735882289;S
20240304;101051;161.5;20;9735882349;S
20240304;101051;161.51;140;9735882353;B
20240304;101051;161.5;2190;9735882382;S
20240304;101051;161.5;220;9735882383;S
20240304;101051;161.51;1440;9735882445;B
20240304;101051;161.5;1570;9735882446;S
20240304;101052;161.5;1490;9735882526;S
20240304;101052;161.5;1370;9735882552;S
20240304;101052;161.5;50;9735882597;S
20240304;101052;161.51;10;9735882610;B
20240304;101052;161.5;20;9735882611;S
20240304;101052;161.51;30;9735882616;B
20240304;101053;161.5;360;9735882876;S
20240304;101053;161.5;160;9735882975;S
20240304;101053;161.5;470;9735883019;S
20240304;101053;161.5;10;9735883020;S
20240304;101054;161.51;10;9735883131;B
20240304;101054;161.5;10;9735883132;S
20240304;101054;161.51;40;9735883179;B
20240304;101054;161.5;210;9735883180;S
20240304;101054;161.5;10;9735883235;S
20240304;101054;161.5;30;9735883236;S
20240304;101055;161.5;3370;9735883299;S
20240304;101055;161.5;20;9735883300;S
20240304;101055;161.5;10;9735883301;S
20240304;101055;161.5;20;9735883302;S
20240304;101055;161.5;20;9735883303;S
20240304;101055;161.5;20;9735883304;S
20240304;101055;161.5;1000;9735883305;S
20240304;101055;161.5;300;9735883306;S
20240304;101055;161.5;20;9735883307;S
20240304;101055;161.5;10;9735883308;S
20240304;101055;161.5;10;9735883309;S
20240304;101055;161.5;400;9735883310;S
20240304;101055;161.5;10;9735883311;S
20240304;101055;161.5;40;9735883312;S
20240304;101055;161.48;30;9735883320;S
20240304;101055;161.48;120;9735883329;S
20240304;101055;161.48;10;9735883330;S
20240304;101055;161.46;610;9735883343;S
20240304;101055;161.46;50;9735883493;S
20240304;101055;161.46;20;9735883494;S
20240304;101055;161.46;300;9735883529;S
20240304;101056;161.47;10;9735883562;B
20240304;101056;161.46;380;9735883571;S
20240304;101056;161.45;30;9735883572;S
20240304;101056;161.45;100;9735883573;S
20240304;101056;161.45;10;9735883574;S
20240304;101056;161.45;90;9735883575;S
20240304;101056;161.45;910;9735883585;S
20240304;101056;161.45;50;9735883586;S
20240304;101056;161.44;40;9735883587;S
20240304;101056;161.45;30;9735883623;B
20240304;101056;161.45;30;9735883626;B
20240304;101057;161.45;10;9735883714;B
20240304;101057;161.44;60;9735883783;S
20240304;101057;161.44;10;9735883784;S
20240304;101057;161.44;10;9735883785;S
20240304;101057;161.44;10;9735883786;S
20240304;101057;161.44;10;9735883787;S
20240304;101057;161.43;10;9735883788;S
20240304;101057;161.43;10;9735883789;S
20240304;101057;161.42;20;9735883790;S
20240304;101057;161.42;10;9735883791;S
20240304;101057;161.41;10;9735883792;S
20240304;101057;161.41;50;9735883793;S
20240304;101057;161.41;10;9735883794;S
20240304;101057;161.41;10;9735883795;S
20240304;101057;161.41;480;9735883796;S
20240304;101057;161.4;30;9735883797;S
20240304;101057;161.4;10;9735883798;S
20240304;101057;161.4;250;9735883799;S
20240304;101057;161.4;10;9735883800;S
20240304;101057;161.4;20;9735883801;S
20240304;101057;161.4;500;9735883802;S
20240304;101057;161.4;240;9735883803;S
20240304;101057;161.43;20;9735883804;B
20240304;101057;161.4;100;9735883830;S
20240304;101058;161.4;140;9735883995;S
20240304;101058;161.4;450;9735883996;S
20240304;101058;161.39;10;9735883997;S
20240304;101058;161.39;10;9735883998;S
20240304;101058;161.39;390;9735883999;S
20240304;101059;161.41;270;9735884278;B
20240304;101059;161.41;10;9735884311;B
20240304;101059;161.39;60;9735884312;S
20240304;101059;161.39;10;9735884619;S
20240304;101100;161.4;120;9735884751;S
20240304;101101;161.39;2160;9735885067;S
20240304;101101;161.38;10;9735885068;S
20240304;101101;161.38;50;9735885069;S
20240304;101101;161.38;10;9735885070;S
20240304;101101;161.38;470;9735885071;S
20240304;101102;161.39;50;9735885172;B
20240304;101102;161.38;130;9735885203;S
20240304;101103;161.38;170;9735885312;S
20240304;101104;161.38;300;9735885498;S
20240304;101105;161.38;300;9735885675;S
20240304;101105;161.37;100;9735885676;S
20240304;101105;161.37;10;9735885677;S
20240304;101105;161.37;10;9735885678;S
20240304;101105;161.37;110;9735885679;S
20240304;101105;161.39;10;9735885800;B
20240304;101105;161.39;70;9735885827;B
20240304;101105;161.4;320;9735885828;B
20240304;101105;161.41;460;9735885829;B
20240304;101105;161.42;650;9735885830;B
20240304;101106;161.4;10;9735885978;B
20240304;101106;161.4;10;9735885993;B
20240304;101107;161.4;150;9735886188;B
20240304;101108;161.4;10;9735886234;B
20240304;101109;161.39;70;9735886384;S
20240304;101109;161.39;20;9735886430;S
20240304;101109;161.4;10;9735886437;B
20240304;101109;161.4;20;9735886457;B
20240304;101109;161.4;20;9735886506;B
20240304;101110;161.39;30;9735886648;S
20240304;101110;161.39;60;9735886688;S
20240304;101111;161.4;60;9735886796;B
