<DATE>;<TIME>;<LAST>;<VOL>;<ID>;<OPER>
20240207;095932;164.560000000;10;9558338368;B
20240207;095932;164.560000000;50;9558338369;B
20240207;095932;164.560000000;10;9558338370;B
20240207;095932;164.560000000;10;9558338371;B
20240207;095932;164.560000000;10;9558338372;B
20240207;095932;164.560000000;90;9558338373;B
20240207;095932;164.560000000;200;9558338374;B
20240207;095932;164.560000000;420;9558338375;B
20240207;095932;164.560000000;100;9558338376;B
20240207;095932;164.560000000;2900;9558338377;B
20240207;095932;164.560000000;50;9558338378;B
20240207;095932;164.560000000;10;9558338379;B
20240207;095932;164.560000000;750;9558338380;B
20240207;095932;164.560000000;10;9558338381;B
20240207;095932;164.560000000;570;9558338382;B
20240207;095932;164.560000000;10;9558338383;B
20240207;095932;164.560000000;10;9558338384;B
20240207;095932;164.560000000;10;9558338385;B
20240207;095932;164.560000000;10;9558338386;B
20240207;095932;164.560000000;330;9558338387;B
20240207;095932;164.560000000;10;9558338388;B
20240207;095932;164.560000000;250;9558338389;B
20240207;095932;164.560000000;10;9558338390;B
20240207;095932;164.560000000;10;9558338391;B
20240207;095932;164.560000000;30;9558338392;B
20240207;095932;164.560000000;30;9558338393;B
20240207;095932;164.560000000;10;9558338394;B
20240207;095932;164.560000000;20;9558338395;B
20240207;095932;164.560000000;10;9558338396;S
20240207;095932;164.560000000;20;9558338397;S
20240207;095932;164.560000000;150;9558338398;S
20240207;095932;164.560000000;10;9558338399;B
20240207;095932;164.560000000;20;9558338400;B
20240207;095932;164.560000000;10;9558338401;B
20240207;095932;164.560000000;30;9558338402;B
20240207;095932;164.560000000;2910;9558338403;B
20240207;095932;164.560000000;30;9558338404;B
20240207;095932;164.560000000;10;9558338405;B
20240207;095932;164.560000000;10;9558338406;B
20240207;095932;164.560000000;10;9558338407;B
20240207;095932;164.560000000;60;9558338408;B
20240207;095932;164.560000000;10;9558338409;B
20240207;095932;164.560000000;20;9558338410;B
20240207;095932;164.560000000;10;9558338411;B
20240207;095932;164.560000000;10;9558338412;B
20240207;095932;164.560000000;10;9558338413;B
20240207;095932;164.560000000;20;9558338414;B
20240207;095932;164.560000000;10;9558338415;B
20240207;095932;164.560000000;10;9558338416;B
20240207;095932;164.560000000;10;9558338417;B
20240207;095932;164.560000000;290;9558338418;B
20240207;095932;164.560000000;10;9558338419;B
20240207;095932;164.560000000;10;9558338420;B
20240207;095932;164.560000000;10;9558338421;B
20240207;095932;164.560000000;30;9558338422;B
20240207;095932;164.560000000;10;9558338423;B
20240207;095932;164.560000000;20;9558338424;B
20240207;095932;164.560000000;20;9558338425;B
20240207;095932;164.560000000;10;9558338426;B
20240207;095932;164.560000000;40;9558338427;B
20240207;095932;164.560000000;30;9558338428;B
20240207;095932;164.560000000;110;9558338429;B
20240207;095932;164.560000000;10;9558338430;B
20240207;095932;164.560000000;10;9558338431;B
20240207;095932;164.560000000;10;9558338432;B
20240207;095932;164.560000000;10;9558338433;B
20240207;095932;164.560000000;20;9558338434;B
20240207;095932;164.560000000;10;9558338435;B
20240207;095932;164.560000000;10;9558338436;B
20240207;095932;164.560000000;10;9558338437;B
20240207;095932;164.560000000;600;9558338438;B
20240207;095932;164.560000000;1400;9558338439;B
20240207;095932;164.560000000;30;9558338440;B
20240207;095932;164.560000000;40;9558338441;B
20240207;095932;164.560000000;100;9558338442;B
20240207;095932;164.560000000;60;9558338443;B
20240207;095932;164.560000000;10;9558338444;B
20240207;095932;164.560000000;10;9558338445;B
20240207;095932;164.560000000;10;9558338446;B
20240207;095932;164.560000000;70;9558338447;B
20240207;095932;164.560000000;40;9558338448;B
20240207;095932;164.560000000;100;9558338449;B
20240207;095932;164.560000000;30;9558338450;B
20240207;095932;164.560000000;30;9558338451;S
20240207;095932;164.560000000;10;9558338452;B
20240207;095932;164.560000000;10;9558338453;B
20240207;095932;164.560000000;10;9558338454;B
20240207;095932;164.560000000;90;9558338455;B
20240207;095932;164.560000000;950;9558338456;B
20240207;095932;164.560000000;100;9558338457;S
20240207;095932;164.560000000;70;9558338458;S
20240207;095932;164.560000000;10;9558338459;B
20240207;095932;164.560000000;10;9558338460;B
20240207;095932;164.560000000;30;9558338461;B
20240207;095932;164.560000000;200;9558338462;B
20240207;095932;164.560000000;10;9558338463;B
20240207;095932;164.560000000;10;9558338464;B
20240207;095932;164.560000000;10;9558338465;B
20240207;095932;164.560000000;10;9558338466;B
20240207;095932;164.560000000;10;9558338467;B
20240207;095932;164.560000000;340;9558338468;B
20240207;095932;164.560000000;10;9558338469;B
20240207;095932;164.560000000;10;9558338470;B
20240207;095932;164.560000000;10;9558338471;B
20240207;095932;164.560000000;10;9558338472;B
20240207;095932;164.560000000;10;9558338473;B
20240207;095932;164.560000000;10;9558338474;B
20240207;095932;164.560000000;10;9558338475;B
20240207;095932;164.560000000;1500;9558338476;B
20240207;095932;164.560000000;30;9558338477;B
20240207;095932;164.560000000;10;9558338478;B
20240207;095932;164.560000000;10;9558338479;B
20240207;095932;164.560000000;40;9558338480;B
20240207;095932;164.560000000;10;9558338481;B
20240207;095932;164.560000000;10;9558338482;B
20240207;095932;164.560000000;10;9558338483;B
20240207;095932;164.560000000;10;9558338484;B
20240207;095932;164.560000000;10;9558338485;B
20240207;095932;164.560000000;10;9558338486;B
20240207;095932;164.560000000;10;9558338487;B
20240207;095932;164.560000000;10;9558338488;B
20240207;095932;164.560000000;10;9558338489;B
20240207;095932;164.560000000;100;9558338490;B
20240207;095932;164.560000000;20;9558338491;B
20240207;095932;164.560000000;20;9558338492;S
20240207;095932;164.560000000;10;9558338493;B
20240207;095932;164.560000000;10;9558338494;B
20240207;095932;164.560000000;30;9558338495;S
20240207;095932;164.560000000;10;9558338496;S
20240207;095932;164.560000000;90;9558338497;S
20240207;095932;164.560000000;10;9558338498;S
20240207;095932;164.560000000;10;9558338499;S
20240207;095932;164.560000000;10;9558338500;S
20240207;095932;164.560000000;10;9558338501;S
20240207;095932;164.560000000;10;9558338502;S
20240207;095932;164.560000000;60;9558338503;S
20240207;095932;164.560000000;30;9558338504;S
20240207;095932;164.560000000;10;9558338505;S
20240207;095932;164.560000000;200;9558338506;S
20240207;095932;164.560000000;120;9558338507;S
20240207;095932;164.560000000;20;9558338508;S
20240207;095932;164.560000000;10;9558338509;S
20240207;095932;164.560000000;10;9558338510;S
20240207;095932;164.560000000;10;9558338511;S
20240207;095932;164.560000000;10;9558338512;S
20240207;095932;164.560000000;80;9558338513;S
20240207;095932;164.560000000;10;9558338514;S
20240207;095932;164.560000000;10;9558338515;S
20240207;095932;164.560000000;10;9558338516;S
20240207;095932;164.560000000;10;9558338517;S
20240207;095932;164.560000000;110;9558338518;S
20240207;095932;164.560000000;60;9558338519;S
20240207;095932;164.560000000;10;9558338520;S
20240207;095932;164.560000000;10;9558338521;B
20240207;095932;164.560000000;10;9558338522;B
20240207;095932;164.560000000;10;9558338523;B
20240207;095932;164.560000000;200;9558338524;B
20240207;095932;164.560000000;130;9558338525;B
20240207;095932;164.560000000;20;9558338526;B
20240207;095932;164.560000000;100;9558338527;B
20240207;095932;164.560000000;150;9558338528;B
20240207;095932;164.560000000;130;9558338529;B
20240207;095932;164.560000000;70;9558338530;B
20240207;095932;164.560000000;240;9558338531;B
20240207;095932;164.560000000;160;9558338532;B
20240207;095932;164.560000000;20;9558338533;B
20240207;095932;164.560000000;80;9558338534;B
20240207;095932;164.560000000;50;9558338535;B
20240207;095932;164.560000000;30;9558338536;B
20240207;095932;164.560000000;50;9558338537;B
20240207;095932;164.560000000;10;9558338538;B
20240207;095932;164.560000000;10;9558338539;B
20240207;095932;164.560000000;20;9558338540;B
20240207;095932;164.560000000;30;9558338541;B
20240207;095932;164.560000000;50;9558338542;B
20240207;095932;164.560000000;10;9558338543;B
20240207;095932;164.560000000;5000;9558338544;B
20240207;095932;164.560000000;1060;9558338545;B
20240207;095932;164.560000000;30;9558338546;B
20240207;095932;164.560000000;20;9558338547;S
20240207;100000;164.570000000;220;9558345112;S
20240207;100000;164.580000000;10;9558345211;B
20240207;100000;164.580000000;10;9558345212;B
20240207;100000;164.580000000;80;9558345213;B
20240207;100000;164.580000000;140;9558345239;B
20240207;100000;164.590000000;1000;9558345377;B
20240207;100000;164.580000000;10;9558345555;S
20240207;100000;164.590000000;200;9558345850;B
20240207;100001;164.590000000;1260;9558345984;B
20240207;100003;164.590000000;10;9558348176;B
20240207;100003;164.590000000;10;9558348178;B
20240207;100003;164.590000000;2520;9558348360;B
20240207;100004;164.600000000;30;9558348664;B
20240207;100004;164.600000000;10;9558348665;B
20240207;100004;164.600000000;100;9558348753;B
20240207;100004;164.600000000;10;9558348987;B
20240207;100004;164.600000000;10;9558348988;B
20240207;100004;164.590000000;100;9558348991;S
20240207;100004;164.590000000;10;9558348992;S
20240207;100004;164.600000000;10;9558349080;B
20240207;100004;164.590000000;10;9558349083;S
20240207;100004;164.600000000;10;9558349084;B
20240207;100005;164.590000000;610;9558349361;S
20240207;100005;164.600000000;10;9558349363;B
20240207;100005;164.600000000;810;9558349600;B
20240207;100005;164.600000000;10;9558349601;B
20240207;100005;164.600000000;590;9558349602;B
20240207;100005;164.600000000;80;9558349603;B
20240207;100005;164.610000000;10;9558349623;S
20240207;100005;164.620000000;10;9558349624;B
20240207;100005;164.640000000;10;9558349625;B
20240207;100005;164.650000000;30;9558349626;B
20240207;100005;164.610000000;20;9558349628;S
20240207;100005;164.610000000;130;9558349629;S
20240207;100005;164.650000000;10;9558349631;B
20240207;100005;164.610000000;10;9558349634;S
20240207;100005;164.650000000;10;9558349768;B
20240207;100005;164.650000000;10;9558349769;B
20240207;100005;164.610000000;110;9558349770;S
20240207;100005;164.650000000;10;9558349771;B
20240207;100005;164.610000000;20;9558349772;S
20240207;100005;164.610000000;300;9558349896;S
20240207;100005;164.650000000;10;9558349954;B
20240207;100005;164.650000000;10;9558349955;B
20240207;100005;164.650000000;80;9558349956;B
20240207;100005;164.650000000;20;9558350166;B
20240207;100005;164.650000000;10;9558350171;B
20240207;100005;164.650000000;10;9558350174;B
20240207;100005;164.650000000;20;9558350195;B
20240207;100005;164.610000000;10;9558350199;S
20240207;100005;164.650000000;10;9558350205;B
20240207;100005;164.650000000;10;9558350206;B
20240207;100005;164.650000000;20;9558350311;B
20240207;100005;164.650000000;20;9558350414;B
20240207;100005;164.650000000;30;9558350515;B
20240207;100005;164.650000000;10;9558350643;B
20240207;100005;164.650000000;50;9558350731;B
20240207;100006;164.610000000;10;9558350790;S
20240207;100006;164.650000000;10;9558350791;B
20240207;100006;164.610000000;30;9558350927;S
20240207;100006;164.610000000;40;9558350928;S
20240207;100006;164.610000000;290;9558350930;S
20240207;100006;164.610000000;10;9558350931;S
20240207;100006;164.610000000;400;9558350932;S
20240207;100006;164.610000000;20;9558350933;S
20240207;100006;164.610000000;10;9558351122;S
20240207;100006;164.650000000;10;9558351123;B
20240207;100006;164.650000000;10;9558351124;B
20240207;100006;164.650000000;140;9558351146;B
20240207;100006;164.610000000;10;9558351262;S
20240207;100006;164.610000000;10;9558351390;S
20240207;100006;164.650000000;10;9558351391;B
20240207;100006;164.650000000;10;9558351509;B
20240207;100006;164.650000000;10;9558351510;B
20240207;100006;164.610000000;10;9558351612;S
20240207;100006;164.650000000;10;9558351613;B
20240207;100007;164.650000000;10;9558351784;B
20240207;100007;164.650000000;500;9558351994;B
20240207;100007;164.650000000;60;9558351995;B
20240207;100007;164.610000000;10;9558351996;S
20240207;100007;164.610000000;10;9558351997;S
20240207;100007;164.610000000;10;9558351998;S
20240207;100008;164.650000000;1860;9558352268;B
20240207;100009;164.640000000;160;9558352373;S
20240207;100010;164.650000000;430;9558352455;B
20240207;100010;164.650000000;50;9558352477;B
20240207;100010;164.640000000;30;9558352608;S
20240207;100010;164.650000000;30;9558352771;B
20240207;100010;164.640000000;50;9558352797;S
20240207;100011;164.640000000;10;9558352965;S
20240207;100011;164.650000000;230;9558352972;B
20240207;100011;164.650000000;80;9558353038;B
20240207;100011;164.650000000;510;9558353062;B
20240207;100012;164.650000000;10;9558353451;B
20240207;100014;164.650000000;110;9558353901;B
20240207;100014;164.650000000;10;9558353902;B
20240207;100014;164.660000000;10;9558353992;B
20240207;100014;164.680000000;10;9558353993;B
20240207;100014;164.690000000;180;9558353994;B
20240207;100014;164.690000000;50;9558353995;B
20240207;100014;164.690000000;100;9558353996;B
20240207;100014;164.690000000;10;9558354011;B
20240207;100015;164.690000000;80;9558354105;B
20240207;100015;164.690000000;310;9558354164;B
20240207;100015;164.690000000;340;9558354184;B
20240207;100015;164.690000000;80;9558354223;B
20240207;100016;164.680000000;10;9558354541;S
20240207;100018;164.680000000;1000;9558354999;S
20240207;100018;164.690000000;120;9558355077;B
20240207;100018;164.690000000;10;9558355137;B
20240207;100018;164.680000000;1110;9558355293;S
20240207;100018;164.680000000;1080;9558355294;S
20240207;100018;164.680000000;100;9558355295;S
20240207;100019;164.690000000;2220;9558355351;B
20240207;100019;164.700000000;20;9558355352;B
20240207;100019;164.700000000;10;9558355353;B
20240207;100019;164.700000000;1000;9558355354;B
20240207;100019;164.700000000;10;9558355355;B
20240207;100019;164.700000000;150;9558355356;B
20240207;100019;164.700000000;350;9558355359;B
20240207;100019;164.700000000;10;9558355360;B
20240207;100019;164.710000000;140;9558355361;B
20240207;100019;164.710000000;60;9558355362;B
20240207;100019;164.680000000;100;9558355385;S
20240207;100020;164.700000000;10;9558355658;B
20240207;100021;164.700000000;90;9558355880;B
20240207;100021;164.710000000;160;9558355881;B
20240207;100021;164.710000000;10;9558355930;B
20240207;100022;164.710000000;130;9558356126;B
20240207;100022;164.710000000;50;9558356127;B
20240207;100022;164.680000000;1000;9558356179;S
20240207;100023;164.690000000;20;9558356337;S
20240207;100023;164.690000000;10;9558356397;S
20240207;100025;164.690000000;10;9558356765;S
20240207;100025;164.710000000;10;9558356883;B
20240207;100026;164.710000000;200;9558356934;B
20240207;100026;164.710000000;30;9558356935;B
20240207;100026;164.720000000;10;9558356936;B
20240207;100026;164.720000000;1260;9558356937;B
20240207;100026;164.720000000;820;9558356939;B
20240207;100027;164.710000000;2120;9558357118;S
20240207;100027;164.710000000;200;9558357119;S
20240207;100027;164.720000000;370;9558357298;B
20240207;100028;164.720000000;1500;9558357462;B
20240207;100028;164.720000000;930;9558357463;B
20240207;100028;164.720000000;10;9558357603;B
20240207;100029;164.710000000;10;9558357634;S
20240207;100029;164.720000000;10;9558357651;B
20240207;100031;164.720000000;1500;9558358056;B
20240207;100031;164.720000000;500;9558358057;B
20240207;100031;164.700000000;100;9558358079;S
20240207;100031;164.700000000;300;9558358080;S
20240207;100035;164.700000000;100;9558359454;B
20240207;100035;164.710000000;90;9558359455;B
20240207;100035;164.710000000;270;9558359457;B
20240207;100035;164.710000000;390;9558359458;B
20240207;100035;164.710000000;310;9558359459;B
20240207;100035;164.710000000;190;9558359460;B
20240207;100035;164.710000000;1250;9558359461;B
20240207;100035;164.720000000;250;9558359462;B
20240207;100035;164.720000000;60;9558359463;B
20240207;100035;164.700000000;10;9558359464;S
20240207;100036;164.710000000;50;9558359987;S
20240207;100036;164.690000000;10;9558359988;S
20240207;100036;164.690000000;770;9558359989;S
20240207;100036;164.690000000;20;9558359990;S
20240207;100036;164.690000000;150;9558359991;S
20240207;100037;164.720000000;60;9558360054;B
20240207;100037;164.720000000;260;9558360118;B
20240207;100037;164.690000000;10;9558360127;S
20240207;100037;164.720000000;130;9558360206;B
20240207;100037;164.720000000;50;9558360207;B
20240207;100037;164.720000000;340;9558360208;B
20240207;100037;164.720000000;230;9558360211;B
20240207;100037;164.720000000;1050;9558360212;B
20240207;100037;164.730000000;220;9558360213;B
20240207;100037;164.730000000;10;9558360214;B
20240207;100037;164.730000000;220;9558360215;B
20240207;100037;164.730000000;210;9558360216;B
20240207;100037;164.730000000;170;9558360217;B
20240207;100037;164.730000000;50;9558360218;B
20240207;100037;164.740000000;140;9558360219;B
20240207;100037;164.700000000;300;9558360244;S
20240207;100037;164.690000000;840;9558360245;S
20240207;100037;164.690000000;860;9558360246;S
20240207;100038;164.690000000;140;9558360304;S
20240207;100038;164.670000000;10;9558360376;S
20240207;100038;164.660000000;120;9558360377;S
20240207;100038;164.720000000;50;9558360400;B
20240207;100038;164.730000000;150;9558360401;B
20240207;100039;164.730000000;10;9558360724;B
20240207;100040;164.720000000;270;9558360848;B
20240207;100040;164.730000000;60;9558360849;B
20240207;100040;164.730000000;880;9558360850;B
20240207;100040;164.670000000;300;9558360851;S
20240207;100040;164.660000000;570;9558360852;S
20240207;100040;164.650000000;20;9558360853;S
20240207;100040;164.650000000;110;9558360854;S
20240207;100041;164.730000000;110;9558360895;B
20240207;100041;164.730000000;250;9558360899;B
20240207;100041;164.730000000;160;9558360900;B
20240207;100041;164.730000000;50;9558360901;B
20240207;100041;164.730000000;220;9558360902;B
20240207;100041;164.730000000;230;9558360903;B
20240207;100041;164.730000000;60;9558360904;B
20240207;100041;164.730000000;160;9558360905;B
20240207;100041;164.740000000;100;9558360906;B
20240207;100041;164.740000000;250;9558360907;B
20240207;100041;164.740000000;40;9558360908;B
20240207;100041;164.730000000;220;9558360909;B
20240207;100041;164.740000000;650;9558360910;B
20240207;100041;164.740000000;10;9558361075;B
20240207;100043;164.720000000;170;9558361401;S
20240207;100043;164.720000000;10;9558361565;S
20240207;100044;164.720000000;20;9558361688;S
20240207;100044;164.740000000;540;9558361781;B
20240207;100044;164.740000000;930;9558361782;B
20240207;100044;164.740000000;380;9558361787;B
20240207;100044;164.740000000;530;9558361789;B
20240207;100046;164.720000000;10;9558362256;S
20240207;100046;164.720000000;2460;9558362355;S
20240207;100047;164.720000000;20;9558362603;S
20240207;100048;164.720000000;500;9558362703;S
20240207;100048;164.720000000;20;9558362759;S
20240207;100050;164.720000000;1000;9558363211;S
20240207;100050;164.740000000;1920;9558363258;B
20240207;100050;164.740000000;10;9558363259;B
20240207;100050;164.740000000;270;9558363260;B
20240207;100051;164.730000000;20;9558363461;B
20240207;100051;164.730000000;40;9558363462;B
20240207;100052;164.720000000;40;9558363583;S
20240207;100053;164.730000000;90;9558363872;B
20240207;100054;164.730000000;20;9558363887;B
20240207;100056;164.730000000;1970;9558364185;B
20240207;100056;164.740000000;3530;9558364186;B
20240207;100057;164.740000000;10;9558364515;B
20240207;100057;164.720000000;50;9558364543;S
20240207;100058;164.740000000;10;9558364604;B
20240207;100058;164.740000000;280;9558364811;B
20240207;100058;164.720000000;10;9558364857;S
20240207;100059;164.740000000;10;9558364982;B
20240207;100100;164.720000000;200;9558365173;S
20240207;100101;164.720000000;10;9558365608;S
20240207;100102;164.720000000;840;9558365825;S
20240207;100102;164.720000000;10;9558365826;S
20240207;100102;164.720000000;10;9558365827;S
20240207;100102;164.720000000;500;9558365828;S
20240207;100102;164.720000000;100;9558365829;S
20240207;100102;164.700000000;10;9558365830;S
20240207;100102;164.700000000;10;9558365850;B
20240207;100104;164.700000000;20;9558366046;B
20240207;100104;164.700000000;600;9558366062;B
20240207;100105;164.700000000;10;9558366197;B
20240207;100106;164.690000000;70;9558366301;S
20240207;100106;164.700000000;250;9558366414;B
20240207;100107;164.700000000;1000;9558366494;B
20240207;100109;164.690000000;500;9558366796;S
20240207;100111;164.700000000;10;9558367068;B
20240207;100112;164.700000000;10;9558367449;B
20240207;100115;164.700000000;10;9558368087;B
20240207;100115;164.690000000;500;9558368110;S
20240207;100118;164.700000000;780;9558368580;B
20240207;100119;164.700000000;10;9558368736;B
20240207;100126;164.700000000;80;9558369864;B
20240207;100126;164.700000000;10;9558369872;B
20240207;100129;164.690000000;680;9558370308;S
20240207;100129;164.690000000;20;9558370309;S
20240207;100129;164.690000000;100;9558370310;S
20240207;100132;164.690000000;100;9558371027;S
20240207;100134;164.700000000;10;9558371328;B
20240207;100136;164.700000000;90;9558371786;B
20240207;100138;164.700000000;100;9558372344;B
20240207;100138;164.690000000;250;9558372349;S
20240207;100139;164.700000000;10;9558372688;B
20240207;100142;164.700000000;10;9558373346;B
20240207;100143;164.700000000;50;9558373549;B
20240207;100145;164.690000000;550;9558373713;S
20240207;100145;164.690000000;10;9558373714;S
20240207;100145;164.680000000;10;9558373715;S
20240207;100145;164.670000000;10;9558373716;S
20240207;100145;164.650000000;10;9558373717;S
20240207;100145;164.650000000;410;9558373718;S
20240207;100145;164.700000000;10;9558373736;B
20240207;100145;164.700000000;10;9558373820;B
20240207;100146;164.700000000;420;9558373840;B
20240207;100146;164.700000000;20;9558373933;B
20240207;100146;164.700000000;90;9558373934;B
20240207;100146;164.700000000;20;9558373935;B
20240207;100146;164.710000000;300;9558373936;B
20240207;100147;164.710000000;500;9558374002;S
20240207;100147;164.710000000;270;9558374019;S
20240207;100150;164.670000000;30;9558374587;B
20240207;100152;164.650000000;20;9558374786;S
20240207;100201;164.670000000;10;9558376275;B
20240207;100201;164.660000000;20;9558376285;S
20240207;100201;164.650000000;400;9558376286;S
20240207;100204;164.660000000;20;9558376690;B
20240207;100204;164.670000000;10;9558376691;B
20240207;100205;164.650000000;100;9558376908;S
20240207;100205;164.650000000;930;9558376909;S
20240207;100205;164.650000000;20;9558376910;S
20240207;100205;164.650000000;960;9558376911;S
20240207;100205;164.670000000;100;9558376953;B
20240207;100208;164.670000000;450;9558377575;B
20240207;100209;164.670000000;10;9558377601;B
20240207;100214;164.670000000;10;9558378543;B
20240207;100214;164.660000000;30;9558378584;S
20240207;100215;164.670000000;10;9558378649;B
20240207;100217;164.670000000;500;9558379016;B
20240207;100218;164.660000000;70;9558379193;S
20240207;100218;164.650000000;40;9558379194;S
20240207;100218;164.650000000;390;9558379195;S
20240207;100218;164.670000000;30;9558379223;B
20240207;100218;164.670000000;10;9558379261;B
20240207;100221;164.660000000;10;9558379639;B
20240207;100222;164.650000000;3860;9558379801;S
20240207;100222;164.650000000;20;9558379802;S
20240207;100222;164.650000000;420;9558379826;B
20240207;100224;164.650000000;210;9558380205;S
20240207;100224;164.650000000;60;9558380206;S
20240207;100224;164.640000000;300;9558380223;B
20240207;100224;164.650000000;700;9558380224;B
20240207;100226;164.620000000;10;9558380384;S
20240207;100227;164.640000000;20;9558380528;B
20240207;100228;164.640000000;280;9558380674;B
20240207;100229;164.620000000;140;9558380917;S
20240207;100233;164.620000000;200;9558381568;S
20240207;100236;164.620000000;900;9558381973;S
20240207;100236;164.620000000;1100;9558382035;B
20240207;100236;164.620000000;300;9558382036;B
20240207;100236;164.640000000;550;9558382037;B
20240207;100236;164.630000000;30;9558382091;B
20240207;100238;164.610000000;10;9558382334;S
20240207;100240;164.630000000;60;9558382583;B
20240207;100240;164.630000000;210;9558382610;B
20240207;100240;164.640000000;1280;9558382611;B
20240207;100240;164.640000000;2700;9558382612;S
20240207;100243;164.610000000;20;9558383175;S
20240207;100243;164.580000000;390;9558383176;S
20240207;100243;164.580000000;20;9558383226;S
20240207;100243;164.620000000;1090;9558383273;B
20240207;100243;164.620000000;50;9558383274;B
20240207;100243;164.620000000;300;9558383275;B
20240207;100243;164.620000000;1560;9558383445;S
20240207;100243;164.600000000;10;9558383446;S
20240207;100244;164.580000000;90;9558383604;S
20240207;100244;164.580000000;10;9558383605;S
20240207;100244;164.580000000;10;9558383606;S
20240207;100245;164.590000000;10;9558383776;B
20240207;100250;164.580000000;100;9558384736;S
20240207;100250;164.580000000;100;9558384753;B
20240207;100251;164.570000000;10;9558384885;S
20240207;100251;164.570000000;20;9558384886;S
20240207;100251;164.570000000;290;9558384887;S
20240207;100251;164.560000000;1680;9558384888;S
20240207;100251;164.580000000;40;9558384989;B
20240207;100251;164.560000000;3500;9558385001;S
20240207;100253;164.570000000;200;9558385318;B
20240207;100253;164.570000000;200;9558385374;B
20240207;100256;164.570000000;50;9558385739;B
20240207;100256;164.580000000;20;9558385740;B
20240207;100257;164.560000000;50;9558385917;S
20240207;100258;164.560000000;2000;9558386027;S
20240207;100259;164.560000000;1500;9558386199;S
20240207;100302;164.590000000;10;9558386614;B
20240207;100303;164.590000000;140;9558386735;B
20240207;100303;164.590000000;1030;9558386780;B
20240207;100304;164.570000000;20;9558386878;S
20240207;100304;164.570000000;200;9558386879;S
20240207;100304;164.560000000;80;9558386880;S
20240207;100306;164.590000000;200;9558387330;B
20240207;100309;164.590000000;250;9558387590;B
20240207;100312;164.590000000;600;9558388159;B
20240207;100315;164.570000000;20;9558388520;S
20240207;100315;164.560000000;590;9558388521;S
20240207;100316;164.580000000;20;9558388671;B
20240207;100316;164.560000000;5000;9558388753;S
20240207;100316;164.560000000;1500;9558388767;S
20240207;100316;164.560000000;1500;9558388769;S
20240207;100318;164.580000000;10;9558389030;B
20240207;100319;164.560000000;500;9558389255;S
20240207;100320;164.560000000;1500;9558389376;S
20240207;100320;164.560000000;1500;9558389378;S
20240207;100320;164.570000000;40;9558389443;B
20240207;100320;164.590000000;60;9558389444;B
20240207;100321;164.590000000;10;9558389554;B
20240207;100324;164.560000000;1500;9558389962;S
20240207;100324;164.560000000;1150;9558389964;S
20240207;100324;164.560000000;50;9558389965;S
20240207;100324;164.560000000;50;9558389966;S
20240207;100324;164.560000000;40;9558389967;S
20240207;100324;164.560000000;10;9558389968;S
20240207;100324;164.560000000;10;9558389969;S
20240207;100324;164.560000000;20;9558389970;S
20240207;100324;164.560000000;10;9558389971;S
20240207;100324;164.560000000;40;9558389972;S
20240207;100324;164.560000000;120;9558389973;S
20240207;100324;164.560000000;20;9558390019;S
20240207;100324;164.560000000;1860;9558390094;S
20240207;100324;164.560000000;300;9558390095;S
20240207;100324;164.540000000;10;9558390096;S
20240207;100324;164.540000000;100;9558390097;S
20240207;100324;164.530000000;300;9558390098;S
20240207;100324;164.520000000;10;9558390099;S
20240207;100324;164.520000000;220;9558390100;S
20240207;100324;164.520000000;10;9558390101;S
20240207;100324;164.520000000;2000;9558390102;S
20240207;100324;164.520000000;1000;9558390103;S
20240207;100324;164.510000000;220;9558390104;S
20240207;100324;164.510000000;10;9558390105;S
20240207;100324;164.510000000;400;9558390106;S
20240207;100324;164.510000000;3660;9558390107;S
20240207;100324;164.510000000;10;9558390108;S
20240207;100324;164.510000000;1830;9558390109;S
20240207;100324;164.510000000;1000;9558390110;S
20240207;100324;164.500000000;10;9558390111;S
20240207;100324;164.500000000;10;9558390112;S
20240207;100324;164.500000000;10;9558390113;S
20240207;100324;164.500000000;10;9558390114;S
20240207;100324;164.500000000;3050;9558390115;S
20240207;100324;164.500000000;30;9558390116;S
20240207;100324;164.500000000;200;9558390117;S
20240207;100324;164.500000000;50;9558390118;S
20240207;100324;164.500000000;220;9558390119;S
20240207;100324;164.500000000;50;9558390120;S
20240207;100324;164.500000000;10;9558390121;S
20240207;100324;164.500000000;20;9558390122;S
20240207;100324;164.500000000;10;9558390123;S
20240207;100324;164.500000000;10;9558390124;S
20240207;100324;164.500000000;30;9558390125;S
20240207;100324;164.500000000;10;9558390126;S
20240207;100324;164.500000000;100;9558390127;S
20240207;100324;164.500000000;1200;9558390128;S
20240207;100324;164.500000000;10;9558390129;S
20240207;100324;164.500000000;10;9558390130;S
20240207;100324;164.500000000;100;9558390131;S
20240207;100324;164.500000000;2120;9558390132;S
20240207;100324;164.500000000;2000;9558390133;S
20240207;100324;164.500000000;1000;9558390134;S
20240207;100324;164.490000000;220;9558390135;S
20240207;100324;164.490000000;30;9558390136;S
20240207;100324;164.490000000;1000;9558390137;S
20240207;100324;164.490000000;10;9558390138;S
20240207;100324;164.490000000;180;9558390139;S
20240207;100324;164.480000000;10;9558390140;S
20240207;100324;164.480000000;220;9558390141;S
20240207;100324;164.480000000;1000;9558390142;S
20240207;100324;164.480000000;3000;9558390143;S
20240207;100324;164.480000000;10;9558390144;S
20240207;100324;164.480000000;800;9558390145;S
20240207;100324;164.480000000;2000;9558390146;S
20240207;100324;164.470000000;1000;9558390147;S
20240207;100324;164.470000000;220;9558390148;S
20240207;100324;164.470000000;16000;9558390149;S
20240207;100324;164.470000000;30;9558390150;S
20240207;100324;164.460000000;10;9558390151;S
20240207;100324;164.460000000;680;9558390152;S
20240207;100324;164.460000000;50370;9558390153;S
20240207;100324;164.520000000;10;9558390216;S
20240207;100325;164.560000000;80;9558390222;B
20240207;100325;164.550000000;30;9558390324;S
20240207;100326;164.560000000;220;9558390395;B
20240207;100326;164.560000000;4780;9558390396;B
20240207;100326;164.550000000;20;9558390402;S
20240207;100326;164.520000000;20;9558390403;S
20240207;100326;164.500000000;10;9558390404;S
20240207;100326;164.480000000;220;9558390405;S
20240207;100326;164.480000000;80;9558390406;S
20240207;100326;164.470000000;220;9558390407;S
20240207;100326;164.470000000;430;9558390408;S
20240207;100326;164.470000000;370;9558390436;S
20240207;100326;164.470000000;220;9558390437;S
20240207;100326;164.470000000;300;9558390438;S
20240207;100326;164.470000000;300;9558390439;S
20240207;100326;164.460000000;310;9558390440;S
20240207;100326;164.470000000;220;9558390441;S
20240207;100326;164.470000000;300;9558390442;S
20240207;100326;164.460000000;980;9558390443;S
20240207;100327;164.520000000;60;9558390623;B
20240207;100329;164.520000000;20;9558390828;B
20240207;100330;164.470000000;300;9558390901;S
20240207;100330;164.470000000;220;9558390902;S
20240207;100330;164.470000000;300;9558390903;S
20240207;100330;164.470000000;80;9558390904;S
20240207;100330;164.460000000;600;9558390905;S
20240207;100330;164.470000000;300;9558390906;S
20240207;100330;164.460000000;1200;9558390907;S
20240207;100330;164.540000000;20;9558390908;B
20240207;100331;164.470000000;300;9558391103;S
20240207;100331;164.460000000;100;9558391104;S
20240207;100331;164.500000000;60;9558391165;B
20240207;100331;164.520000000;40;9558391166;B
20240207;100332;164.480000000;20;9558391325;S
20240207;100332;164.470000000;40;9558391326;S
20240207;100332;164.470000000;20;9558391327;S
20240207;100332;164.460000000;1420;9558391328;S
20240207;100332;164.460000000;450;9558391330;S
20240207;100335;164.460000000;1500;9558391761;S
20240207;100335;164.460000000;130;9558391762;S
20240207;100339;164.460000000;1490;9558392266;S
20240207;100339;164.460000000;1500;9558392267;S
20240207;100340;164.520000000;10;9558392456;B
20240207;100340;164.520000000;10;9558392457;B
20240207;100341;164.530000000;50;9558392667;B
20240207;100342;164.480000000;10;9558392690;S
20240207;100342;164.470000000;250;9558392691;S
20240207;100342;164.470000000;250;9558392692;S
20240207;100342;164.460000000;990;9558392693;S
20240207;100342;164.470000000;300;9558392937;S
20240207;100342;164.460000000;1200;9558392938;S
20240207;100342;164.520000000;10;9558393033;B
20240207;100344;164.470000000;300;9558393471;S
20240207;100344;164.460000000;400;9558393472;S
20240207;100345;164.460000000;1500;9558393549;S
20240207;100345;164.460000000;10;9558393597;S
20240207;100347;164.470000000;100;9558393882;S
20240207;100348;164.520000000;10;9558394073;B
20240207;100348;164.520000000;290;9558394110;B
20240207;100348;164.520000000;1660;9558394111;B
20240207;100349;164.470000000;510;9558394349;S
20240207;100349;164.470000000;990;9558394350;S
20240207;100353;164.500000000;30;9558394811;B
20240207;100355;164.500000000;10;9558395179;B
20240207;100356;164.500000000;10;9558395323;B
20240207;100356;164.500000000;300;9558395331;B
20240207;100358;164.500000000;10;9558395615;B
20240207;100358;164.470000000;250;9558395692;S
20240207;100358;164.460000000;1770;9558395693;S
20240207;100404;164.490000000;300;9558396464;B
20240207;100404;164.500000000;700;9558396465;B
20240207;100405;164.500000000;740;9558396538;B
20240207;100405;164.500000000;140;9558396562;B
20240207;100408;164.480000000;10;9558397023;S
20240207;100408;164.500000000;100;9558397049;B
20240207;100408;164.480000000;50;9558397078;S
20240207;100408;164.470000000;20;9558397079;S
20240207;100409;164.470000000;50;9558397162;S
20240207;100409;164.460000000;120;9558397163;S
20240207;100409;164.490000000;200;9558397261;B
20240207;100411;164.500000000;10;9558397460;B
20240207;100412;164.480000000;1830;9558397626;S
20240207;100413;164.470000000;30;9558397757;S
20240207;100414;164.480000000;250;9558397952;B
20240207;100416;164.480000000;10;9558398244;B
20240207;100417;164.480000000;240;9558398437;B
20240207;100418;164.480000000;50;9558398612;S
20240207;100419;164.490000000;10;9558398849;B
20240207;100420;164.490000000;100;9558398936;B
20240207;100421;164.480000000;710;9558399037;S
20240207;100421;164.470000000;20;9558399038;S
20240207;100422;164.490000000;120;9558399130;B
20240207;100422;164.490000000;20;9558399211;B
20240207;100423;164.490000000;10;9558399361;B
20240207;100425;164.490000000;1310;9558399660;B
20240207;100425;164.490000000;2030;9558399661;B
20240207;100425;164.500000000;5150;9558399662;B
20240207;100425;164.500000000;300;9558399663;B
20240207;100425;164.510000000;70;9558399664;B
20240207;100425;164.510000000;290;9558399665;B
20240207;100427;164.510000000;1830;9558400022;B
20240207;100427;164.520000000;540;9558400023;B
20240207;100427;164.510000000;120;9558400128;B
20240207;100428;164.500000000;10;9558400198;S
20240207;100428;164.480000000;400;9558400199;S
20240207;100428;164.480000000;50;9558400200;S
20240207;100428;164.480000000;40;9558400201;S
20240207;100429;164.520000000;10;9558400371;B
20240207;100434;164.510000000;1000;9558401186;B
20240207;100434;164.490000000;250;9558401259;S
20240207;100434;164.490000000;50;9558401260;S
20240207;100434;164.480000000;1050;9558401261;S
20240207;100434;164.480000000;50;9558401276;S
20240207;100434;164.510000000;50;9558401330;B
20240207;100436;164.480000000;10;9558401781;S
20240207;100437;164.510000000;30;9558402003;B
20240207;100439;164.510000000;10;9558402249;B
20240207;100443;164.520000000;10;9558402855;B
20240207;100444;164.520000000;20;9558402943;S
20240207;100447;164.520000000;200;9558403439;S
20240207;100447;164.520000000;10;9558403441;S
20240207;100452;164.530000000;250;9558404289;B
20240207;100452;164.520000000;1600;9558404290;S
20240207;100452;164.520000000;10;9558404322;B
20240207;100453;164.510000000;70;9558404500;S
20240207;100455;164.510000000;100;9558404769;S
20240207;100457;164.520000000;50;9558404997;B
20240207;100459;164.510000000;900;9558405556;S
20240207;100459;164.520000000;500;9558405582;B
20240207;100459;164.510000000;3930;9558405643;S
20240207;100459;164.510000000;10;9558405644;S
20240207;100500;164.510000000;20;9558405672;B
20240207;100501;164.510000000;130;9558405871;B
20240207;100501;164.500000000;10;9558405891;S
20240207;100501;164.510000000;820;9558405921;B
20240207;100501;164.500000000;180;9558406011;S
20240207;100503;164.510000000;30;9558406269;B
20240207;100503;164.520000000;60;9558406437;B
20240207;100503;164.500000000;80;9558406465;S
20240207;100505;164.500000000;20;9558406776;S
20240207;100506;164.510000000;30;9558406882;B
20240207;100506;164.520000000;200;9558406895;B
20240207;100506;164.500000000;1710;9558406909;S
20240207;100506;164.500000000;10;9558406910;S
20240207;100506;164.500000000;280;9558406911;S
20240207;100507;164.510000000;10;9558407240;B
20240207;100508;164.500000000;4720;9558407312;S
20240207;100509;164.500000000;60;9558407413;B
20240207;100509;164.500000000;220;9558407560;B
20240207;100510;164.500000000;740;9558407582;S
20240207;100511;164.500000000;250;9558407737;B
20240207;100511;164.490000000;40;9558407757;S
20240207;100511;164.500000000;50;9558407855;B
20240207;100516;164.490000000;10;9558408681;S
20240207;100516;164.490000000;50;9558408682;S
20240207;100517;164.500000000;20;9558408994;B
20240207;100518;164.500000000;10;9558409114;B
20240207;100519;164.490000000;10;9558409193;S
20240207;100519;164.500000000;10;9558409290;B
20240207;100521;164.500000000;10;9558409506;B
20240207;100522;164.500000000;10;9558409579;B
20240207;100524;164.490000000;30;9558409883;S
20240207;100525;164.490000000;4910;9558410026;S
20240207;100525;164.480000000;500;9558410027;S
20240207;100525;164.480000000;10;9558410028;S
20240207;100525;164.470000000;3750;9558410029;S
20240207;100525;164.470000000;830;9558410030;S
20240207;100525;164.480000000;500;9558410085;B
20240207;100525;164.480000000;10;9558410159;B
20240207;100526;164.480000000;10;9558410350;B
20240207;100531;164.480000000;50;9558411172;B
20240207;100531;164.480000000;70;9558411243;B
20240207;100531;164.470000000;170;9558411267;S
20240207;100531;164.470000000;100;9558411268;S
20240207;100531;164.470000000;70;9558411269;S
20240207;100531;164.470000000;910;9558411270;S
20240207;100531;164.470000000;100;9558411271;S
20240207;100531;164.470000000;40;9558411272;S
20240207;100531;164.470000000;10;9558411273;S
20240207;100531;164.470000000;1000;9558411274;S
20240207;100531;164.470000000;1670;9558411275;S
20240207;100534;164.480000000;30;9558411658;B
20240207;100534;164.480000000;100;9558411670;B
20240207;100534;164.470000000;200;9558411728;S
20240207;100534;164.470000000;1000;9558411730;S
20240207;100534;164.480000000;70;9558411846;B
20240207;100534;164.480000000;10;9558411849;B
20240207;100536;164.480000000;980;9558412186;B
20240207;100536;164.490000000;20;9558412187;B
20240207;100538;164.470000000;1000;9558412540;S
20240207;100543;164.470000000;800;9558413156;S
20240207;100543;164.480000000;590;9558413179;B
20240207;100543;164.480000000;10;9558413245;B
20240207;100546;164.470000000;130;9558413634;S
20240207;100547;164.490000000;50;9558413792;B
20240207;100547;164.490000000;10;9558413867;B
20240207;100549;164.490000000;10;9558414156;B
20240207;100549;164.490000000;10;9558414182;B
20240207;100549;164.470000000;200;9558414218;S
20240207;100549;164.470000000;10;9558414219;S
20240207;100549;164.470000000;290;9558414220;S
20240207;100551;164.490000000;10;9558414413;B
20240207;100552;164.490000000;20;9558414654;B
20240207;100552;164.490000000;110;9558414655;B
20240207;100553;164.490000000;10;9558414700;B
20240207;100554;164.490000000;1830;9558414846;B
20240207;100554;164.490000000;1980;9558414847;B
20240207;100554;164.500000000;1190;9558414848;B
20240207;100600;164.490000000;1000;9558415939;B
20240207;100601;164.470000000;100;9558416126;S
20240207;100601;164.500000000;1290;9558416259;B
20240207;100601;164.500000000;500;9558416260;B
20240207;100601;164.500000000;20;9558416261;B
20240207;100601;164.500000000;10;9558416262;B
20240207;100601;164.500000000;10;9558416263;B
20240207;100601;164.500000000;170;9558416264;B
20240207;100601;164.500000000;100;9558416265;B
20240207;100601;164.510000000;70;9558416266;B
20240207;100601;164.510000000;830;9558416267;B
20240207;100603;164.500000000;200;9558416494;S
20240207;100605;164.500000000;10;9558416953;B
20240207;100608;164.500000000;5490;9558417469;B
20240207;100611;164.500000000;20;9558417920;S
20240207;100612;164.510000000;10;9558418049;B
20240207;100612;164.510000000;10;9558418050;B
20240207;100614;164.500000000;560;9558418244;S
20240207;100615;164.490000000;30;9558418536;S
20240207;100615;164.500000000;10;9558418549;B
20240207;100616;164.500000000;70;9558418639;B
20240207;100617;164.500000000;20;9558418803;B
20240207;100617;164.500000000;20;9558418824;B
20240207;100618;164.500000000;440;9558418907;B
20240207;100618;164.510000000;20;9558418908;B
20240207;100618;164.510000000;90;9558418909;B
20240207;100618;164.520000000;10;9558419052;B
20240207;100622;164.490000000;700;9558419532;S
20240207;100622;164.490000000;10;9558419533;S
20240207;100622;164.490000000;10;9558419534;S
20240207;100622;164.480000000;180;9558419535;S
20240207;100622;164.490000000;100;9558419546;B
20240207;100622;164.480000000;20;9558419594;S
20240207;100626;164.500000000;10;9558420237;S
20240207;100627;164.510000000;300;9558420396;B
20240207;100627;164.510000000;300;9558420445;B
20240207;100630;164.510000000;100;9558420841;B
20240207;100632;164.500000000;10;9558421064;S
20240207;100633;164.520000000;10;9558421319;B
20240207;100633;164.520000000;670;9558421339;B
20240207;100633;164.520000000;80;9558421340;B
20240207;100633;164.520000000;100;9558421341;B
20240207;100633;164.520000000;220;9558421342;B
20240207;100633;164.530000000;390;9558421343;B
20240207;100634;164.500000000;30;9558421384;S
20240207;100634;164.500000000;100;9558421385;S
20240207;100634;164.500000000;10;9558421386;S
20240207;100634;164.500000000;100;9558421387;S
20240207;100634;164.500000000;300;9558421388;S
20240207;100634;164.480000000;100;9558421389;S
20240207;100634;164.480000000;50;9558421390;S
20240207;100634;164.480000000;10;9558421391;S
20240207;100634;164.480000000;140;9558421392;S
20240207;100635;164.520000000;10;9558421582;B
20240207;100636;164.490000000;10;9558421680;S
20240207;100636;164.480000000;60;9558421681;S
20240207;100636;164.520000000;100;9558421738;B
20240207;100640;164.520000000;50;9558422263;B
20240207;100640;164.520000000;100;9558422279;B
20240207;100640;164.520000000;10;9558422333;B
20240207;100643;164.520000000;100;9558422597;B
20240207;100643;164.520000000;20;9558422651;B
20240207;100643;164.520000000;10;9558422688;B
20240207;100645;164.520000000;270;9558422936;B
20240207;100650;164.520000000;180;9558423564;B
20240207;100650;164.520000000;40;9558423567;B
20240207;100650;164.520000000;100;9558423615;B
20240207;100651;164.480000000;950;9558423725;S
20240207;100652;164.520000000;10;9558423896;B
20240207;100653;164.520000000;100;9558423977;B
20240207;100656;164.520000000;30;9558424334;B
20240207;100702;164.510000000;10;9558425086;B
20240207;100703;164.510000000;40;9558425217;B
20240207;100703;164.510000000;500;9558425218;B
20240207;100707;164.520000000;1000;9558425708;B
20240207;100707;164.530000000;30;9558425733;B
20240207;100708;164.520000000;30;9558425907;B
20240207;100709;164.510000000;30;9558425995;S
20240207;100709;164.520000000;7810;9558426012;B
20240207;100709;164.530000000;1830;9558426013;B
20240207;100712;164.550000000;10;9558426372;B
20240207;100712;164.550000000;90;9558426387;S
20240207;100712;164.530000000;360;9558426388;S
20240207;100712;164.520000000;160;9558426389;S
20240207;100712;164.560000000;10;9558426473;B
20240207;100712;164.520000000;130;9558426503;S
20240207;100713;164.520000000;390;9558426534;S
20240207;100713;164.510000000;610;9558426535;S
20240207;100713;164.560000000;120;9558426564;B
20240207;100713;164.560000000;130;9558426565;B
20240207;100718;164.560000000;570;9558427131;B
20240207;100718;164.560000000;20;9558427210;B
20240207;100724;164.510000000;1670;9558428354;S
20240207;100725;164.550000000;300;9558428699;B
20240207;100725;164.560000000;200;9558428700;B
20240207;100726;164.550000000;100;9558428762;B
20240207;100727;164.510000000;200;9558429102;S
20240207;100728;164.560000000;290;9558429213;B
20240207;100734;164.560000000;10;9558430038;B
20240207;100734;164.560000000;10;9558430048;B
20240207;100734;164.560000000;100;9558430057;B
20240207;100736;164.560000000;10;9558430406;B
20240207;100740;164.560000000;1380;9558430833;B
20240207;100740;164.560000000;300;9558430834;B
20240207;100740;164.560000000;1790;9558430835;B
20240207;100740;164.570000000;100;9558430836;B
20240207;100740;164.570000000;260;9558430837;B
20240207;100749;164.520000000;10;9558432114;S
20240207;100749;164.520000000;50;9558432115;S
20240207;100749;164.520000000;10;9558432116;S
20240207;100749;164.520000000;10;9558432117;S
20240207;100749;164.510000000;420;9558432118;S
20240207;100750;164.570000000;50;9558432254;B
20240207;100753;164.550000000;10;9558433190;B
20240207;100754;164.550000000;10;9558433468;B
20240207;100800;164.550000000;280;9558435006;B
20240207;100801;164.550000000;560;9558435079;B
20240207;100801;164.550000000;1140;9558435081;B
20240207;100803;164.560000000;20;9558435646;B
20240207;100803;164.560000000;10;9558435660;B
20240207;100803;164.560000000;10;9558435724;B
20240207;100805;164.550000000;60;9558436216;S
20240207;100806;164.560000000;40;9558436274;B
20240207;100812;164.560000000;120;9558437538;B
20240207;100812;164.560000000;80;9558437539;B
20240207;100813;164.560000000;500;9558437686;B
20240207;100818;164.570000000;50;9558438649;B
20240207;100819;164.570000000;30;9558438737;B
20240207;100819;164.570000000;350;9558438759;B
20240207;100823;164.560000000;70;9558439948;S
20240207;100823;164.560000000;70;9558439949;S
20240207;100823;164.550000000;60;9558439950;S
20240207;100826;164.570000000;50;9558440656;B
20240207;100827;164.560000000;10;9558440704;S
20240207;100827;164.550000000;220;9558440705;S
20240207;100828;164.570000000;120;9558441036;B
20240207;100828;164.570000000;220;9558441037;B
20240207;100836;164.560000000;10;9558442518;B
20240207;100838;164.560000000;10;9558442765;B
20240207;100841;164.560000000;120;9558443555;B
20240207;100841;164.550000000;30;9558443645;S
20240207;100842;164.550000000;40;9558443906;S
20240207;100849;164.560000000;200;9558445319;B
20240207;100849;164.560000000;660;9558445327;B
20240207;100849;164.560000000;1000;9558445328;B
20240207;100849;164.560000000;140;9558445329;B
20240207;100852;164.550000000;100;9558446090;S
20240207;100853;164.560000000;100;9558446164;B
20240207;100853;164.560000000;30;9558446180;B
20240207;100855;164.560000000;10;9558446494;B
20240207;100856;164.560000000;40;9558446710;B
20240207;100857;164.590000000;10;9558447011;B
20240207;100858;164.590000000;10;9558447343;B
20240207;100909;164.580000000;70;9558449966;S
20240207;100911;164.580000000;30;9558450190;S
20240207;100911;164.590000000;30;9558450284;B
20240207;100917;164.590000000;4000;9558451244;B
20240207;100918;164.590000000;10;9558451307;B
20240207;100924;164.590000000;50;9558452369;B
20240207;100924;164.590000000;20;9558452374;B
20240207;100929;164.590000000;10;9558453019;B
20240207;100929;164.590000000;150;9558453029;B
20240207;100931;164.580000000;60;9558453449;S
20240207;100932;164.590000000;500;9558453526;B
20240207;100934;164.580000000;100;9558453893;S
20240207;100937;164.580000000;10;9558454307;S
20240207;100937;164.590000000;30;9558454338;B
20240207;100939;164.590000000;210;9558454579;B
20240207;100940;164.590000000;10;9558454650;B
20240207;100940;164.590000000;20;9558454682;B
20240207;100940;164.590000000;20;9558454706;B
20240207;100943;164.590000000;40;9558455101;B
20240207;100946;164.580000000;730;9558455592;S
20240207;100946;164.580000000;800;9558455593;S
20240207;100946;164.580000000;1480;9558455594;S
20240207;100947;164.580000000;10;9558455769;S
20240207;100947;164.590000000;350;9558455781;B
20240207;100947;164.590000000;350;9558455784;B
20240207;100949;164.590000000;10;9558456088;B
20240207;100950;164.590000000;100;9558456192;B
20240207;100950;164.590000000;40;9558456220;B
20240207;100950;164.580000000;300;9558456226;S
20240207;100951;164.590000000;50;9558456287;B
20240207;100951;164.590000000;10;9558456348;B
20240207;100953;164.590000000;30;9558456592;B
20240207;100954;164.590000000;60;9558456707;B
20240207;100954;164.590000000;160;9558456708;B
20240207;100954;164.590000000;780;9558456709;S
20240207;100954;164.580000000;30;9558456793;S
20240207;100957;164.590000000;20;9558457111;B
20240207;100959;164.590000000;10;9558457417;B
20240207;100959;164.580000000;5270;9558457419;S
20240207;100959;164.580000000;570;9558457420;S
20240207;100959;164.580000000;10;9558457421;S
20240207;100959;164.580000000;20;9558457422;S
20240207;100959;164.560000000;410;9558457424;S
20240207;100959;164.560000000;20;9558457425;S
20240207;100959;164.560000000;40;9558457426;S
20240207;100959;164.560000000;20;9558457427;S
20240207;100959;164.550000000;80;9558457429;S
20240207;100959;164.550000000;30;9558457430;S
20240207;100959;164.550000000;100;9558457431;S
20240207;100959;164.550000000;500;9558457432;S
20240207;100959;164.550000000;10;9558457433;S
20240207;100959;164.550000000;50;9558457434;S
20240207;100959;164.540000000;30;9558457436;S
20240207;100959;164.540000000;30;9558457437;S
20240207;101000;164.530000000;500;9558457525;B
20240207;101000;164.530000000;10;9558457650;B
20240207;101003;164.530000000;50;9558458037;B
20240207;101003;164.510000000;40;9558458124;S
20240207;101003;164.510000000;60;9558458125;S
20240207;101005;164.510000000;220;9558458395;S
20240207;101005;164.510000000;20;9558458404;B
20240207;101006;164.510000000;500;9558458524;B
20240207;101008;164.510000000;10;9558458807;B
20240207;101010;164.500000000;100;9558458976;S
20240207;101010;164.500000000;5000;9558458977;S
20240207;101010;164.500000000;50;9558458978;S
20240207;101010;164.500000000;10;9558458979;S
20240207;101010;164.500000000;10;9558458980;S
20240207;101010;164.500000000;180;9558458981;S
20240207;101010;164.500000000;500;9558458982;S
20240207;101010;164.500000000;1000;9558458983;S
20240207;101010;164.500000000;10;9558458984;S
20240207;101010;164.490000000;10;9558458985;S
20240207;101010;164.490000000;500;9558458986;S
20240207;101010;164.480000000;10;9558458987;S
20240207;101010;164.480000000;200;9558458988;S
20240207;101010;164.480000000;10;9558458989;S
20240207;101010;164.480000000;300;9558458990;S
20240207;101010;164.480000000;500;9558458991;S
20240207;101010;164.480000000;300;9558458992;S
20240207;101010;164.470000000;4610;9558458993;S
20240207;101010;164.470000000;10;9558458994;S
20240207;101010;164.470000000;10;9558458995;S
20240207;101010;164.470000000;100;9558458996;S
20240207;101010;164.470000000;10;9558458997;S
20240207;101010;164.470000000;20;9558458998;S
20240207;101010;164.470000000;10;9558458999;S
20240207;101010;164.470000000;200;9558459000;S
20240207;101010;164.470000000;10;9558459001;S
20240207;101010;164.470000000;70;9558459002;S
20240207;101010;164.470000000;10;9558459003;S
20240207;101010;164.470000000;5000;9558459004;S
20240207;101010;164.460000000;60;9558459005;S
20240207;101014;164.490000000;10;9558459549;B
20240207;101015;164.490000000;10;9558459737;B
20240207;101019;164.490000000;280;9558460238;S
20240207;101019;164.500000000;10;9558460266;B
20240207;101021;164.490000000;720;9558460623;S
20240207;101021;164.470000000;1000;9558460624;S
20240207;101021;164.470000000;20;9558460625;S
20240207;101021;164.460000000;3260;9558460626;S
20240207;101026;164.470000000;240;9558461250;S
20240207;101028;164.480000000;800;9558461543;B
20240207;101028;164.490000000;900;9558461544;B
20240207;101028;164.490000000;150;9558461603;S
20240207;101029;164.540000000;10;9558461720;B
20240207;101033;164.510000000;10;9558462183;B
20240207;101035;164.500000000;30;9558462650;B
20240207;101039;164.500000000;10;9558463086;B
20240207;101040;164.500000000;320;9558463334;B
20240207;101041;164.500000000;10;9558463698;B
20240207;101042;164.490000000;10;9558463822;S
20240207;101042;164.490000000;10;9558463823;S
20240207;101042;164.490000000;20;9558463824;S
20240207;101042;164.480000000;10;9558463825;S
20240207;101042;164.480000000;10;9558463826;S
20240207;101042;164.480000000;40;9558463827;S
20240207;101043;164.480000000;200;9558463980;S
20240207;101046;164.500000000;10;9558464314;B
20240207;101046;164.500000000;10;9558464409;B
20240207;101047;164.500000000;10;9558464567;B
20240207;101048;164.490000000;100;9558464708;S
20240207;101048;164.490000000;1000;9558464709;S
20240207;101048;164.490000000;1000;9558464710;S
20240207;101048;164.490000000;300;9558464781;B
20240207;101050;164.480000000;760;9558465052;S
20240207;101050;164.470000000;240;9558465053;S
20240207;101053;164.470000000;10;9558465339;S
20240207;101053;164.460000000;370;9558465340;S
20240207;101053;164.480000000;100;9558465350;B
20240207;101054;164.480000000;40;9558465471;B
20240207;101055;164.460000000;20;9558465630;S
20240207;101057;164.480000000;10;9558465787;B
20240207;101057;164.480000000;10;9558465917;B
20240207;101059;164.480000000;600;9558466084;B
20240207;101100;164.470000000;30;9558466288;B
20240207;101100;164.470000000;20;9558466289;B
20240207;101101;164.470000000;950;9558466324;B
20240207;101101;164.470000000;800;9558466325;B
20240207;101102;164.480000000;800;9558466803;B
20240207;101102;164.490000000;400;9558466804;B
20240207;101102;164.480000000;10;9558466962;B
20240207;101107;164.490000000;10;9558467682;B
20240207;101112;164.480000000;180;9558468362;S
20240207;101112;164.480000000;10;9558468399;B
20240207;101112;164.470000000;400;9558468441;S
20240207;101113;164.490000000;200;9558468474;B
20240207;101114;164.470000000;500;9558468705;S
20240207;101115;164.470000000;5390;9558468820;S
20240207;101115;164.470000000;10;9558468821;S
20240207;101115;164.460000000;87600;9558468822;S
20240207;101115;164.460000000;100;9558468823;S
20240207;101115;164.460000000;16800;9558468824;S
20240207;101115;164.460000000;200;9558468825;S
20240207;101115;164.460000000;100;9558468826;S
20240207;101115;164.460000000;200;9558468827;S
20240207;101116;164.470000000;1000;9558468859;B
20240207;101116;164.470000000;200;9558468860;B
20240207;101116;164.460000000;200;9558468887;S
20240207;101116;164.460000000;500;9558468900;S
20240207;101117;164.460000000;1000;9558469080;S
20240207;101117;164.460000000;500;9558469126;S
20240207;101119;164.460000000;300;9558469345;S
20240207;101119;164.470000000;10;9558469350;B
20240207;101120;164.460000000;200;9558469576;S
20240207;101122;164.460000000;380;9558469866;S
20240207;101123;164.470000000;30;9558469873;B
20240207;101125;164.470000000;10;9558470172;B
20240207;101125;164.460000000;200;9558470318;S
20240207;101125;164.460000000;100;9558470320;S
20240207;101125;164.460000000;100;9558470321;S
20240207;101126;164.460000000;20;9558470363;S
20240207;101128;164.460000000;1000;9558470581;S
20240207;101133;164.470000000;200;9558471232;B
20240207;101136;164.470000000;50;9558471640;B
20240207;101138;164.470000000;20;9558471849;B
20240207;101138;164.470000000;10;9558471871;B
20240207;101139;164.470000000;30;9558471952;B
20240207;101139;164.460000000;100;9558472025;S
20240207;101139;164.460000000;100;9558472026;S
20240207;101139;164.460000000;100;9558472031;S
20240207;101142;164.470000000;300;9558472439;B
20240207;101142;164.460000000;10;9558472485;S
20240207;101145;164.470000000;20;9558472878;B
20240207;101146;164.460000000;3510;9558473011;S
20240207;101147;164.470000000;60;9558473133;B
20240207;101150;164.460000000;50;9558473699;S
20240207;101152;164.460000000;10480;9558474045;S
20240207;101154;164.460000000;6400;9558474420;S
20240207;101154;164.460000000;10;9558474421;S
20240207;101154;164.460000000;30;9558474422;S
20240207;101154;164.460000000;10;9558474423;S
20240207;101154;164.460000000;50;9558474424;S
20240207;101154;164.460000000;10;9558474425;S
20240207;101154;164.460000000;50;9558474426;S
20240207;101154;164.460000000;2000;9558474427;S
20240207;101154;164.460000000;200;9558474428;S
20240207;101154;164.460000000;20;9558474429;S
20240207;101154;164.460000000;1000;9558474430;S
20240207;101154;164.460000000;610;9558474431;S
20240207;101154;164.460000000;10;9558474432;S
20240207;101154;164.460000000;200;9558474433;S
20240207;101154;164.460000000;2400;9558474434;S
20240207;101154;164.460000000;20;9558474435;S
20240207;101154;164.460000000;580;9558474436;S
20240207;101154;164.460000000;10;9558474437;S
20240207;101154;164.460000000;20;9558474438;S
20240207;101154;164.460000000;200;9558474439;S
20240207;101154;164.460000000;10;9558474440;S
20240207;101154;164.460000000;180;9558474441;S
20240207;101154;164.460000000;200;9558474453;S
20240207;101154;164.460000000;120;9558474454;S
20240207;101154;164.460000000;10;9558474455;S
20240207;101154;164.460000000;560;9558474456;S
20240207;101155;164.470000000;10;9558474637;B
20240207;101155;164.460000000;440;9558474729;S
20240207;101155;164.460000000;60;9558474730;S
20240207;101155;164.460000000;90;9558474731;S
20240207;101155;164.460000000;50;9558474732;S
20240207;101155;164.460000000;20;9558474733;S
20240207;101155;164.460000000;20;9558474734;S
20240207;101156;164.450000000;30;9558474737;S
20240207;101156;164.450000000;10;9558474756;S
20240207;101156;164.450000000;10;9558474757;S
20240207;101156;164.450000000;20;9558474784;S
20240207;101156;164.450000000;30;9558474785;S
20240207;101157;164.460000000;10;9558475013;B
20240207;101159;164.460000000;100;9558475668;B
20240207;101201;164.460000000;30;9558475908;B
20240207;101202;164.460000000;90;9558476034;B
20240207;101202;164.460000000;530;9558476035;B
20240207;101202;164.460000000;270;9558476072;B
20240207;101202;164.460000000;100;9558476073;B
20240207;101202;164.460000000;100;9558476074;B
20240207;101202;164.460000000;220;9558476075;B
20240207;101205;164.470000000;10;9558476585;B
20240207;101206;164.460000000;3520;9558476727;S
20240207;101206;164.450000000;280;9558476728;S
20240207;101206;164.450000000;50;9558476729;S
20240207;101206;164.450000000;50;9558476730;S
20240207;101206;164.450000000;200;9558476731;S
20240207;101206;164.450000000;30;9558476732;S
20240207;101206;164.450000000;870;9558476733;S
20240207;101208;164.450000000;300;9558477021;S
20240207;101208;164.450000000;500;9558477110;S
20240207;101208;164.450000000;1000;9558477113;S
20240207;101209;164.460000000;40;9558477207;B
20240207;101210;164.450000000;60;9558477329;S
20240207;101210;164.460000000;10;9558477332;B
20240207;101210;164.450000000;500;9558477364;S
20240207;101211;164.460000000;10;9558477564;B
20240207;101211;164.450000000;500;9558477679;S
20240207;101211;164.460000000;10;9558477684;B
20240207;101213;164.450000000;500;9558477915;S
20240207;101213;164.450000000;770;9558477925;S
20240207;101213;164.450000000;60;9558477926;S
20240207;101213;164.450000000;10;9558477927;S
20240207;101213;164.450000000;100;9558477928;S
20240207;101213;164.440000000;10;9558477934;S
20240207;101213;164.440000000;10;9558477935;S
20240207;101213;164.430000000;10;9558477946;S
20240207;101214;164.420000000;10;9558477963;S
20240207;101214;164.420000000;80;9558477964;S
20240207;101214;164.420000000;100;9558477965;S
20240207;101214;164.420000000;100;9558477966;S
20240207;101214;164.420000000;210;9558477967;S
20240207;101214;164.420000000;40;9558477968;S
20240207;101214;164.410000000;20;9558478013;S
20240207;101214;164.410000000;10;9558478014;S
20240207;101214;164.420000000;20;9558478036;B
20240207;101214;164.420000000;540;9558478053;B
20240207;101214;164.420000000;10;9558478081;B
20240207;101215;164.410000000;380;9558478106;S
20240207;101217;164.420000000;10;9558478560;B
20240207;101218;164.410000000;160;9558478738;S
20240207;101218;164.410000000;60;9558478810;S
20240207;101219;164.420000000;990;9558479001;B
20240207;101219;164.420000000;800;9558479002;B
20240207;101219;164.420000000;220;9558479003;B
20240207;101219;164.430000000;220;9558479004;B
20240207;101219;164.430000000;800;9558479005;B
20240207;101219;164.440000000;1000;9558479006;B
20240207;101219;164.440000000;220;9558479007;B
20240207;101219;164.440000000;1750;9558479008;B
20240207;101220;164.410000000;1200;9558479059;S
20240207;101222;164.420000000;90;9558479488;B
20240207;101223;164.420000000;100;9558479615;B
20240207;101223;164.410000000;190;9558479620;S
20240207;101223;164.420000000;10;9558479629;B
20240207;101223;164.400000000;40;9558479644;S
20240207;101224;164.410000000;10;9558479754;B
20240207;101224;164.400000000;10;9558479792;S
20240207;101224;164.400000000;10;9558479793;S
20240207;101224;164.400000000;30;9558479794;S
20240207;101224;164.400000000;10;9558479795;S
20240207;101224;164.400000000;10;9558479796;S
20240207;101224;164.400000000;10;9558479797;S
20240207;101224;164.400000000;20;9558479798;S
20240207;101225;164.410000000;790;9558480111;B
20240207;101225;164.420000000;210;9558480112;B
20240207;101227;164.420000000;10;9558480420;B
20240207;101227;164.400000000;30;9558480499;S
20240207;101227;164.400000000;10;9558480500;S
20240207;101227;164.400000000;10;9558480501;S
20240207;101227;164.400000000;100;9558480502;S
20240207;101227;164.400000000;200;9558480503;S
20240207;101227;164.400000000;100;9558480504;S
20240207;101227;164.400000000;500;9558480505;S
20240207;101227;164.400000000;50;9558480506;S
20240207;101227;164.400000000;60;9558480507;S
20240207;101227;164.400000000;10;9558480508;S
20240207;101227;164.400000000;40;9558480509;S
20240207;101227;164.400000000;10;9558480510;S
20240207;101227;164.400000000;40;9558480511;S
20240207;101227;164.400000000;100;9558480512;S
20240207;101227;164.400000000;50;9558480513;S
20240207;101227;164.400000000;500;9558480514;S
20240207;101227;164.400000000;1800;9558480515;S
20240207;101229;164.400000000;10;9558480775;B
20240207;101230;164.400000000;1380;9558480979;B
20240207;101230;164.400000000;800;9558480980;B
20240207;101230;164.400000000;20;9558480981;B
20240207;101230;164.400000000;1100;9558480982;B
20240207;101230;164.410000000;10;9558480983;B
20240207;101230;164.410000000;300;9558480984;B
20240207;101230;164.410000000;1390;9558480985;B
20240207;101231;164.410000000;10;9558481085;S
20240207;101232;164.420000000;70;9558481259;B
20240207;101233;164.420000000;20;9558481297;B
20240207;101234;164.410000000;10;9558481482;S
20240207;101234;164.410000000;900;9558481483;S
20240207;101234;164.390000000;50;9558481484;S
20240207;101234;164.390000000;10;9558481485;S
20240207;101234;164.390000000;10;9558481486;S
20240207;101234;164.380000000;20;9558481487;S
20240207;101234;164.390000000;10;9558481516;B
20240207;101235;164.400000000;20;9558481690;B
20240207;101236;164.400000000;780;9558481766;B
20240207;101236;164.410000000;150;9558481767;B
20240207;101236;164.410000000;70;9558481768;B
20240207;101239;164.400000000;10;9558482321;B
20240207;101240;164.420000000;20;9558482453;B
20240207;101240;164.420000000;100;9558482479;B
20240207;101242;164.380000000;10;9558482836;S
20240207;101242;164.380000000;30;9558482837;S
20240207;101242;164.380000000;50;9558482838;S
20240207;101242;164.380000000;250;9558482839;S
20240207;101242;164.380000000;110;9558482840;S
20240207;101242;164.370000000;10;9558482841;S
20240207;101242;164.370000000;40;9558482842;S
20240207;101242;164.400000000;10;9558482865;B
20240207;101244;164.400000000;30;9558483497;B
20240207;101245;164.420000000;130;9558483517;B
20240207;101248;164.420000000;40;9558484071;B
20240207;101248;164.420000000;60;9558484072;B
20240207;101249;164.440000000;10;9558484176;B
20240207;101252;164.400000000;70;9558484562;S
20240207;101252;164.400000000;10;9558484563;S
20240207;101252;164.380000000;200;9558484564;S
20240207;101252;164.380000000;820;9558484565;S
20240207;101252;164.410000000;1000;9558484667;B
20240207;101252;164.420000000;220;9558484668;B
20240207;101252;164.420000000;1000;9558484669;B
20240207;101252;164.420000000;300;9558484670;B
20240207;101252;164.430000000;980;9558484671;B
20240207;101252;164.370000000;60;9558484678;S
20240207;101252;164.370000000;50;9558484679;S
20240207;101252;164.370000000;490;9558484680;S
20240207;101255;164.400000000;10;9558485037;S
20240207;101255;164.370000000;10;9558485038;S
20240207;101258;164.410000000;150;9558485479;B
20240207;101300;164.410000000;20;9558485815;B
20240207;101301;164.410000000;830;9558485891;B
20240207;101302;164.430000000;10;9558486249;B
20240207;101303;164.430000000;20;9558486570;B
20240207;101304;164.410000000;170;9558486690;S
20240207;101304;164.410000000;3830;9558486691;S
20240207;101305;164.410000000;210;9558486800;S
20240207;101305;164.400000000;100;9558486801;S
20240207;101305;164.400000000;100;9558486802;S
20240207;101305;164.390000000;610;9558486827;B
20240207;101307;164.390000000;500;9558486996;B
20240207;101309;164.390000000;10;9558487421;B
20240207;101317;164.390000000;10;9558488378;B
20240207;101317;164.390000000;480;9558488385;B
20240207;101317;164.400000000;190;9558488386;B
20240207;101318;164.390000000;100;9558488525;B
20240207;101319;164.390000000;10;9558488749;B
20240207;101321;164.390000000;100;9558489052;B
20240207;101321;164.390000000;100;9558489199;B
20240207;101322;164.380000000;10;9558489327;S
20240207;101323;164.400000000;30;9558489380;B
20240207;101326;164.400000000;10;9558490319;B
20240207;101327;164.400000000;50;9558490481;B
20240207;101328;164.400000000;30;9558490572;B
20240207;101329;164.390000000;10;9558490803;S
20240207;101329;164.390000000;400;9558490804;S
20240207;101329;164.390000000;100;9558490805;S
20240207;101329;164.380000000;20;9558490806;S
20240207;101329;164.380000000;10;9558490807;S
20240207;101329;164.370000000;400;9558490808;S
20240207;101329;164.370000000;10;9558490809;S
20240207;101329;164.370000000;10;9558490810;S
20240207;101329;164.360000000;10;9558490811;S
20240207;101329;164.360000000;500;9558490812;S
20240207;101329;164.360000000;30;9558490813;S
20240207;101331;164.380000000;100;9558491177;B
20240207;101338;164.380000000;20;9558492169;B
20240207;101338;164.380000000;40;9558492246;B
20240207;101339;164.390000000;1000;9558492258;B
20240207;101339;164.390000000;4000;9558492259;B
20240207;101340;164.380000000;350;9558492368;S
20240207;101340;164.360000000;10;9558492369;S
20240207;101340;164.360000000;420;9558492370;S
20240207;101340;164.360000000;1220;9558492371;S
20240207;101341;164.390000000;500;9558492478;B
20240207;101341;164.350000000;10;9558492546;S
20240207;101341;164.350000000;70;9558492547;S
20240207;101341;164.350000000;40;9558492548;S
20240207;101341;164.350000000;10;9558492549;S
20240207;101341;164.350000000;50;9558492550;S
20240207;101341;164.350000000;1000;9558492551;S
20240207;101341;164.350000000;2000;9558492552;S
20240207;101341;164.350000000;300;9558492553;S
20240207;101341;164.340000000;10;9558492554;S
20240207;101341;164.340000000;10;9558492555;S
20240207;101341;164.340000000;10;9558492556;S
20240207;101341;164.340000000;10;9558492557;S
20240207;101341;164.340000000;20;9558492558;S
20240207;101341;164.340000000;470;9558492559;S
20240207;101345;164.390000000;500;9558493129;B
20240207;101346;164.400000000;630;9558493220;B
20240207;101353;164.400000000;10;9558494238;B
20240207;101353;164.390000000;2120;9558494280;B
20240207;101355;164.390000000;20;9558494431;B
20240207;101355;164.390000000;560;9558494459;B
20240207;101355;164.390000000;10;9558494501;B
20240207;101358;164.390000000;20;9558495050;B
20240207;101359;164.380000000;50;9558495195;S
20240207;101359;164.380000000;60;9558495196;S
20240207;101359;164.360000000;10;9558495197;S
20240207;101359;164.360000000;60;9558495198;S
20240207;101359;164.360000000;420;9558495199;S
20240207;101400;164.390000000;1020;9558495363;B
20240207;101400;164.390000000;1640;9558495364;B
20240207;101401;164.390000000;20;9558495440;S
20240207;101403;164.400000000;30;9558495838;B
20240207;101404;164.400000000;1000;9558495927;B
20240207;101407;164.400000000;10;9558496431;B
20240207;101412;164.400000000;50;9558497445;B
20240207;101416;164.390000000;610;9558498180;S
20240207;101416;164.390000000;50;9558498181;S
20240207;101416;164.390000000;50;9558498182;S
20240207;101416;164.380000000;290;9558498183;S
20240207;101417;164.390000000;800;9558498277;S
20240207;101417;164.400000000;180;9558498282;B
20240207;101420;164.400000000;10;9558498744;B
20240207;101422;164.400000000;110;9558499025;B
20240207;101426;164.390000000;1200;9558499481;S
20240207;101427;164.390000000;20;9558499724;S
20240207;101429;164.400000000;40;9558500103;B
20240207;101432;164.400000000;450;9558500509;B
20240207;101432;164.400000000;10;9558500588;B
20240207;101434;164.400000000;10;9558500703;B
20240207;101438;164.400000000;1740;9558501296;B
20240207;101438;164.400000000;10;9558501297;B
20240207;101438;164.400000000;10;9558501298;B
20240207;101438;164.400000000;750;9558501299;B
20240207;101438;164.400000000;500;9558501300;B
20240207;101439;164.410000000;20;9558501531;S
20240207;101441;164.410000000;30;9558501858;S
20240207;101442;164.410000000;200;9558501944;S
20240207;101444;164.430000000;840;9558502134;B
20240207;101446;164.430000000;2120;9558502648;B
20240207;101446;164.430000000;380;9558502649;B
20240207;101447;164.430000000;5000;9558502811;B
20240207;101447;164.450000000;50;9558502812;B
20240207;101449;164.430000000;500;9558503035;S
20240207;101457;164.450000000;10;9558504108;B
20240207;101457;164.450000000;10;9558504171;B
20240207;101459;164.450000000;630;9558504479;B
20240207;101500;164.450000000;300;9558504649;B
20240207;101500;164.450000000;70;9558504689;B
20240207;101500;164.450000000;90;9558504691;B
20240207;101500;164.450000000;980;9558504695;B
20240207;101500;164.450000000;1500;9558504699;B
20240207;101500;164.450000000;50;9558504700;B
20240207;101500;164.450000000;150;9558504701;B
20240207;101500;164.450000000;120;9558504705;B
20240207;101501;164.450000000;1500;9558504887;B
20240207;101501;164.450000000;300;9558504888;S
20240207;101501;164.450000000;2000;9558504889;S
20240207;101501;164.450000000;2000;9558504890;S
20240207;101501;164.450000000;300;9558504891;S
20240207;101501;164.450000000;290;9558504892;S
20240207;101501;164.450000000;310;9558504893;S
20240207;101501;164.450000000;200;9558504894;S
20240207;101501;164.450000000;490;9558504895;S
20240207;101501;164.450000000;210;9558504896;B
20240207;101502;164.460000000;90;9558505113;S
20240207;101503;164.470000000;20;9558505162;B
20240207;101503;164.490000000;10;9558505163;B
20240207;101503;164.490000000;930;9558505164;B
20240207;101503;164.500000000;70;9558505166;B
20240207;101503;164.500000000;20;9558505167;B
20240207;101503;164.500000000;1000;9558505168;B
20240207;101503;164.500000000;10;9558505169;B
20240207;101503;164.510000000;220;9558505170;B
20240207;101503;164.510000000;10;9558505171;B
20240207;101503;164.520000000;170;9558505172;B
20240207;101504;164.530000000;200;9558505378;B
20240207;101505;164.530000000;20;9558505430;B
20240207;101505;164.530000000;1220;9558505431;B
20240207;101507;164.530000000;20;9558505737;B
20240207;101508;164.490000000;400;9558505952;S
20240207;101509;164.530000000;10;9558506215;B
20240207;101514;164.520000000;30;9558507514;B
20240207;101521;164.530000000;50;9558509111;S
20240207;101524;164.540000000;10;9558509742;B
20240207;101525;164.540000000;10;9558510015;B
20240207;101526;164.540000000;10;9558510070;B
20240207;101537;164.560000000;70;9558512390;B
20240207;101537;164.560000000;40;9558512391;B
20240207;101539;164.550000000;10;9558512892;B
20240207;101543;164.570000000;20;9558513847;S
20240207;101544;164.580000000;220;9558514017;B
20240207;101544;164.580000000;170;9558514045;S
20240207;101547;164.580000000;30;9558514660;S
20240207;101548;164.590000000;10;9558514722;B
20240207;101548;164.590000000;140;9558514723;B
20240207;101548;164.590000000;20;9558514768;B
20240207;101550;164.580000000;250;9558515225;S
20240207;101552;164.580000000;350;9558515439;S
20240207;101552;164.580000000;200;9558515805;S
20240207;101554;164.570000000;20;9558516069;S
20240207;101556;164.580000000;10;9558516924;B
20240207;101557;164.570000000;20;9558516974;S
20240207;101557;164.580000000;10;9558517154;B
20240207;101559;164.580000000;20;9558517596;B
20240207;101600;164.580000000;360;9558517753;B
20240207;101600;164.580000000;100;9558517754;B
20240207;101600;164.580000000;40;9558517755;B
20240207;101601;164.590000000;60;9558518040;B
20240207;101601;164.600000000;70;9558518041;B
20240207;101603;164.590000000;10;9558518660;B
20240207;101607;164.590000000;50;9558519470;B
20240207;101617;164.580000000;20;9558521714;S
20240207;101618;164.580000000;100;9558521818;S
20240207;101619;164.580000000;100;9558522044;S
20240207;101621;164.590000000;160;9558522515;B
20240207;101621;164.590000000;4560;9558522516;B
20240207;101622;164.590000000;1500;9558522725;B
20240207;101622;164.590000000;1990;9558522726;B
20240207;101622;164.590000000;220;9558522727;B
20240207;101622;164.590000000;400;9558522858;S
20240207;101626;164.590000000;20;9558523735;S
20240207;101628;164.600000000;40;9558524240;B
20240207;101628;164.600000000;100;9558524241;B
20240207;101628;164.600000000;20;9558524242;B
20240207;101628;164.600000000;1000;9558524243;B
20240207;101628;164.600000000;250;9558524244;B
20240207;101628;164.600000000;10;9558524245;B
20240207;101628;164.600000000;5000;9558524246;B
20240207;101628;164.600000000;1500;9558524247;B
20240207;101628;164.610000000;1000;9558524248;S
20240207;101628;164.610000000;1000;9558524249;S
20240207;101628;164.610000000;100;9558524250;S
20240207;101628;164.610000000;900;9558524251;S
20240207;101628;164.610000000;1000;9558524252;S
20240207;101628;164.640000000;30;9558524300;B
20240207;101630;164.650000000;10;9558524971;B
20240207;101630;164.650000000;40;9558524972;B
20240207;101636;164.640000000;10;9558526413;S
20240207;101637;164.640000000;290;9558526698;S
20240207;101637;164.640000000;50;9558526699;S
20240207;101637;164.640000000;20;9558526700;S
20240207;101639;164.630000000;130;9558527335;S
20240207;101641;164.630000000;500;9558528046;S
20240207;101642;164.640000000;10;9558528175;B
20240207;101642;164.640000000;150;9558528193;B
20240207;101643;164.630000000;70;9558528490;S
20240207;101646;164.630000000;20;9558529342;S
20240207;101651;164.640000000;200;9558530428;B
20240207;101651;164.640000000;280;9558530492;B
20240207;101651;164.640000000;10;9558530493;B
20240207;101651;164.640000000;210;9558530494;B
20240207;101655;164.630000000;10;9558531105;S
20240207;101655;164.610000000;10;9558531106;S
20240207;101656;164.600000000;190;9558531320;S
20240207;101656;164.640000000;500;9558531403;B
20240207;101659;164.630000000;50;9558531975;S
20240207;101659;164.600000000;350;9558531976;S
20240207;101700;164.640000000;290;9558532256;B
20240207;101700;164.640000000;210;9558532257;B
20240207;101700;164.630000000;1000;9558532501;B
20240207;101700;164.640000000;790;9558532502;B
20240207;101700;164.640000000;2120;9558532503;B
20240207;101701;164.640000000;500;9558532518;S
20240207;101701;164.650000000;10;9558532600;B
20240207;101709;164.640000000;2710;9558533767;S
20240207;101710;164.640000000;60;9558534059;S
20240207;101713;164.650000000;20;9558534539;B
20240207;101715;164.640000000;880;9558534866;S
20240207;101715;164.640000000;1120;9558534867;S
20240207;101716;164.640000000;180;9558535035;S
20240207;101716;164.640000000;10;9558535036;S
20240207;101716;164.630000000;10;9558535132;B
20240207;101719;164.610000000;390;9558535581;B
20240207;101727;164.600000000;20;9558537227;S
20240207;101730;164.600000000;270;9558537639;S
20240207;101734;164.610000000;10;9558538588;B
20240207;101735;164.600000000;10;9558538970;S
20240207;101737;164.600000000;350;9558539403;S
20240207;101740;164.610000000;10;9558539914;B
20240207;101743;164.600000000;1040;9558540644;S
20240207;101747;164.610000000;50;9558541285;B
20240207;101753;164.610000000;540;9558542540;B
20240207;101753;164.610000000;20;9558542541;B
20240207;101753;164.610000000;50;9558542610;B
20240207;101753;164.610000000;550;9558542611;B
20240207;101756;164.610000000;20;9558542975;B
20240207;101803;164.620000000;10;9558544316;B
20240207;101803;164.620000000;40;9558544317;B
20240207;101804;164.620000000;220;9558544439;B
20240207;101804;164.620000000;200;9558544440;B
20240207;101810;164.620000000;110;9558545275;S
20240207;101810;164.610000000;30;9558545276;S
20240207;101810;164.610000000;30;9558545277;S
20240207;101810;164.610000000;1000;9558545278;S
20240207;101810;164.610000000;800;9558545279;S
20240207;101810;164.610000000;1030;9558545280;S
20240207;101811;164.620000000;120;9558545386;S
20240207;101818;164.630000000;10;9558546467;B
20240207;101821;164.630000000;200;9558546954;B
20240207;101821;164.620000000;10;9558547043;S
20240207;101822;164.620000000;50;9558547106;S
20240207;101823;164.620000000;100;9558547287;S
20240207;101823;164.630000000;50;9558547309;B
20240207;101827;164.620000000;3240;9558548055;S
20240207;101829;164.620000000;300;9558548393;B
20240207;101829;164.610000000;2000;9558548410;S
20240207;101829;164.610000000;300;9558548411;S
20240207;101829;164.610000000;1000;9558548413;S
20240207;101829;164.610000000;220;9558548414;S
20240207;101829;164.610000000;40;9558548415;S
20240207;101829;164.600000000;3930;9558548416;S
20240207;101835;164.600000000;60;9558549458;S
20240207;101837;164.610000000;340;9558549728;B
20240207;101837;164.610000000;800;9558549729;B
20240207;101837;164.610000000;110;9558549730;B
20240207;101839;164.610000000;300;9558550045;B
20240207;101842;164.610000000;20;9558550371;B
20240207;101842;164.610000000;170;9558550439;B
20240207;101843;164.610000000;50;9558550504;B
20240207;101845;164.610000000;300;9558550796;B
20240207;101846;164.610000000;160;9558550997;B
20240207;101848;164.610000000;140;9558551354;S
20240207;101848;164.600000000;5680;9558551355;S
20240207;101848;164.610000000;50;9558551391;B
20240207;101849;164.610000000;330;9558551454;B
20240207;101853;164.600000000;10;9558552044;S
20240207;101854;164.610000000;20;9558552132;B
20240207;101854;164.610000000;20;9558552319;B
20240207;101857;164.610000000;50;9558552698;B
20240207;101857;164.600000000;3000;9558552778;S
20240207;101906;164.610000000;80;9558554732;B
20240207;101907;164.600000000;500;9558554759;S
20240207;101908;164.600000000;500;9558555058;S
20240207;101909;164.610000000;30;9558555193;B
20240207;101910;164.600000000;500;9558555328;S
20240207;101911;164.610000000;10;9558555509;B
20240207;101911;164.600000000;500;9558555520;S
20240207;101913;164.600000000;500;9558555799;S
20240207;101914;164.600000000;10;9558555956;S
20240207;101914;164.600000000;500;9558555986;S
20240207;101916;164.600000000;500;9558556174;S
20240207;101917;164.600000000;2000;9558556407;S
20240207;101918;164.600000000;500;9558556467;S
20240207;101919;164.600000000;300;9558556669;S
20240207;101919;164.600000000;100;9558556686;S
20240207;101921;164.600000000;500;9558556946;S
20240207;101922;164.600000000;500;9558557157;S
20240207;101922;164.600000000;920;9558557158;S
20240207;101924;164.600000000;500;9558557396;S
20240207;101924;164.610000000;10;9558557400;B
20240207;101926;164.610000000;90;9558557672;B
20240207;101926;164.600000000;500;9558557733;S
20240207;101927;164.610000000;310;9558557934;B
20240207;101927;164.610000000;1000;9558557935;B
20240207;101927;164.610000000;100;9558557936;B
20240207;101927;164.610000000;100;9558557937;B
20240207;101927;164.610000000;100;9558557938;B
20240207;101927;164.610000000;100;9558557939;B
20240207;101927;164.610000000;100;9558557940;B
20240207;101927;164.610000000;100;9558557941;B
20240207;101927;164.610000000;5000;9558557942;B
20240207;101927;164.610000000;1500;9558557943;B
20240207;101927;164.610000000;1830;9558557944;B
20240207;101927;164.610000000;200;9558557945;B
20240207;101927;164.610000000;500;9558558044;S
20240207;101928;164.620000000;20;9558558128;B
20240207;101929;164.610000000;500;9558558188;S
20240207;101930;164.620000000;10;9558558248;B
20240207;101930;164.620000000;40;9558558249;B
20240207;101930;164.610000000;500;9558558341;S
20240207;101932;164.610000000;500;9558558480;S
20240207;101932;164.610000000;100;9558558552;S
20240207;101933;164.610000000;100;9558558553;S
20240207;101933;164.610000000;100;9558558555;S
20240207;101935;164.610000000;500;9558558897;S
20240207;101936;164.620000000;50;9558559084;B
20240207;101936;164.610000000;500;9558559130;S
20240207;101940;164.620000000;800;9558559802;B
20240207;101942;164.610000000;20;9558560305;S
20240207;101944;164.610000000;1500;9558560607;S
20240207;101945;164.620000000;10;9558560729;B
20240207;101945;164.610000000;570;9558560749;S
20240207;101946;164.610000000;900;9558560885;S
20240207;101946;164.610000000;100;9558560886;S
20240207;101946;164.610000000;100;9558560887;S
20240207;101946;164.610000000;100;9558560888;S
20240207;101946;164.610000000;200;9558560889;S
20240207;101946;164.610000000;100;9558560938;S
20240207;101946;164.610000000;100;9558560939;S
20240207;101946;164.610000000;100;9558560941;S
20240207;101947;164.610000000;10;9558560987;S
20240207;101950;164.620000000;20;9558561332;B
20240207;101955;164.610000000;3840;9558562090;S
20240207;101955;164.600000000;3160;9558562091;S
20240207;101957;164.610000000;10;9558562321;B
20240207;101959;164.610000000;300;9558562687;B
20240207;102002;164.610000000;50;9558563047;B
20240207;102004;164.610000000;640;9558563335;B
20240207;102004;164.610000000;5000;9558563336;B
20240207;102004;164.610000000;1500;9558563337;B
20240207;102004;164.610000000;310;9558563338;B
20240207;102004;164.600000000;60;9558563340;S
20240207;102005;164.620000000;20;9558563485;B
20240207;102009;164.620000000;50;9558564101;B
20240207;102010;164.620000000;50;9558564228;B
20240207;102010;164.610000000;1110;9558564243;S
20240207;102011;164.600000000;10620;9558564403;S
20240207;102011;164.600000000;250;9558564404;S
20240207;102011;164.600000000;10;9558564405;S
20240207;102011;164.600000000;150;9558564406;S
20240207;102011;164.600000000;10;9558564407;S
20240207;102011;164.600000000;60;9558564408;S
20240207;102011;164.600000000;5000;9558564409;S
20240207;102011;164.600000000;60;9558564410;S
20240207;102011;164.600000000;20;9558564411;S
20240207;102011;164.600000000;100;9558564412;S
20240207;102011;164.600000000;30;9558564413;S
20240207;102011;164.600000000;10;9558564414;S
20240207;102011;164.600000000;10;9558564415;S
20240207;102011;164.600000000;300;9558564416;S
20240207;102011;164.600000000;100;9558564417;S
20240207;102011;164.590000000;3720;9558564418;S
20240207;102011;164.580000000;10;9558564420;S
20240207;102011;164.580000000;580;9558564421;S
20240207;102011;164.580000000;260;9558564422;S
20240207;102011;164.580000000;160;9558564423;S
20240207;102012;164.570000000;10;9558564449;S
20240207;102012;164.570000000;20;9558564450;S
20240207;102012;164.570000000;20;9558564451;S
20240207;102012;164.550000000;10;9558564466;S
20240207;102013;164.550000000;30;9558564583;S
20240207;102013;164.550000000;50;9558564584;S
20240207;102013;164.550000000;10;9558564585;S
20240207;102017;164.560000000;10;9558566124;B
20240207;102017;164.560000000;10;9558566162;B
20240207;102017;164.560000000;160;9558566244;B
20240207;102019;164.560000000;1000;9558567470;B
20240207;102019;164.560000000;1000;9558567471;B
20240207;102022;164.550000000;90;9558568430;S
20240207;102022;164.540000000;10;9558568469;S
20240207;102022;164.540000000;10;9558568470;S
20240207;102022;164.530000000;10;9558568471;S
20240207;102022;164.530000000;50;9558568472;S
20240207;102022;164.520000000;20;9558568473;S
20240207;102022;164.520000000;1000;9558568474;S
20240207;102022;164.520000000;300;9558568475;S
20240207;102022;164.510000000;50;9558568476;S
20240207;102022;164.510000000;50;9558568477;S
20240207;102022;164.510000000;100;9558568478;S
20240207;102022;164.510000000;1800;9558568479;S
20240207;102025;164.550000000;10;9558569421;B
20240207;102026;164.550000000;500;9558570080;B
20240207;102029;164.550000000;10;9558572226;S
20240207;102030;164.520000000;1000;9558572701;S
20240207;102030;164.510000000;1000;9558572702;S
20240207;102030;164.510000000;300;9558572703;S
20240207;102030;164.510000000;1830;9558572704;S
20240207;102030;164.500000000;10;9558572705;S
20240207;102030;164.500000000;860;9558572706;S
20240207;102031;164.530000000;10;9558573291;B
20240207;102031;164.530000000;10;9558573369;B
20240207;102032;164.530000000;220;9558573757;B
20240207;102032;164.530000000;30;9558573758;B
20240207;102033;164.530000000;10;9558573859;B
20240207;102034;164.500000000;20;9558573940;S
20240207;102034;164.530000000;10;9558573946;B
20240207;102034;164.500000000;80;9558573970;S
20240207;102035;164.520000000;10;9558574067;B
20240207;102037;164.520000000;100;9558574650;B
20240207;102037;164.500000000;4040;9558574651;S
20240207;102037;164.500000000;10;9558574652;S
20240207;102037;164.500000000;10;9558574653;S
20240207;102037;164.500000000;10;9558574654;S
20240207;102037;164.500000000;30;9558574655;S
20240207;102037;164.500000000;10;9558574656;S
20240207;102037;164.500000000;10;9558574657;S
20240207;102037;164.500000000;10;9558574658;S
20240207;102037;164.500000000;70;9558574659;S
20240207;102037;164.500000000;10;9558574660;S
20240207;102037;164.500000000;370;9558574661;S
20240207;102037;164.470000000;10;9558574662;S
20240207;102037;164.470000000;2120;9558574663;S
20240207;102037;164.470000000;300;9558574664;S
20240207;102037;164.450000000;180;9558574665;S
20240207;102037;164.450000000;10;9558574666;S
20240207;102037;164.450000000;10;9558574667;S
20240207;102037;164.440000000;10;9558574668;S
20240207;102037;164.440000000;100;9558574669;S
20240207;102037;164.430000000;500;9558574670;S
20240207;102037;164.430000000;800;9558574671;S
20240207;102037;164.430000000;620;9558574672;S
20240207;102037;164.420000000;500;9558574673;S
20240207;102037;164.420000000;5000;9558574674;S
20240207;102037;164.410000000;50;9558574675;S
20240207;102037;164.410000000;50;9558574676;S
20240207;102037;164.410000000;200;9558574677;S
20240207;102037;164.410000000;50;9558574678;S
20240207;102037;164.410000000;40;9558574679;S
20240207;102037;164.410000000;520;9558574680;S
20240207;102037;164.410000000;500;9558574681;S
20240207;102037;164.410000000;10;9558574682;S
20240207;102037;164.410000000;2000;9558574683;S
20240207;102037;164.400000000;250;9558574684;S
20240207;102037;164.400000000;250;9558574685;S
20240207;102037;164.400000000;1150;9558574686;S
20240207;102037;164.470000000;100;9558574711;B
20240207;102039;164.440000000;10;9558574900;B
20240207;102039;164.440000000;10;9558574908;B
20240207;102039;164.400000000;1590;9558574911;S
20240207;102042;164.400000000;280;9558576663;S
20240207;102043;164.420000000;100;9558576746;B
20240207;102045;164.440000000;10;9558577402;B
20240207;102045;164.440000000;120;9558577439;B
20240207;102045;164.440000000;80;9558577455;B
20240207;102045;164.440000000;10;9558577490;B
20240207;102046;164.480000000;70;9558577572;B
20240207;102052;164.480000000;10;9558579987;B
20240207;102053;164.480000000;250;9558580133;B
20240207;102055;164.450000000;1000;9558580529;S
20240207;102055;164.450000000;10;9558580530;S
20240207;102055;164.440000000;300;9558580531;S
20240207;102055;164.430000000;870;9558580532;S
20240207;102056;164.480000000;10;9558580636;B
20240207;102056;164.480000000;10;9558580647;B
20240207;102059;164.470000000;520;9558581410;B
20240207;102100;164.470000000;200;9558582069;B
20240207;102101;164.470000000;280;9558582194;B
20240207;102101;164.470000000;3940;9558582195;B
20240207;102102;164.480000000;50;9558582248;B
20240207;102103;164.480000000;10;9558582353;B
20240207;102112;164.470000000;100;9558585116;S
20240207;102112;164.480000000;90;9558585464;B
20240207;102112;164.480000000;10;9558585465;B
20240207;102112;164.500000000;300;9558585466;B
20240207;102112;164.520000000;220;9558585467;B
20240207;102112;164.520000000;680;9558585468;B
20240207;102116;164.470000000;520;9558586264;S
20240207;102116;164.420000000;10;9558586265;S
20240207;102116;164.420000000;50;9558586266;S
20240207;102116;164.420000000;1870;9558586267;S
20240207;102118;164.430000000;10;9558586476;B
20240207;102119;164.430000000;40;9558587043;B
20240207;102119;164.440000000;10;9558587044;B
20240207;102119;164.440000000;90;9558587096;B
20240207;102121;164.440000000;150;9558587807;B
20240207;102122;164.440000000;100;9558588197;B
20240207;102124;164.450000000;10;9558588478;B
20240207;102129;164.430000000;20;9558589563;S
20240207;102130;164.430000000;20;9558590455;S
20240207;102131;164.470000000;1000;9558590945;B
20240207;102131;164.480000000;1000;9558590946;S
20240207;102131;164.480000000;4000;9558590947;S
20240207;102131;164.480000000;1000;9558590948;S
20240207;102136;164.510000000;40;9558592369;B
20240207;102136;164.480000000;310;9558592371;S
20240207;102137;164.480000000;110;9558592444;S
20240207;102137;164.480000000;200;9558592445;S
20240207;102139;164.480000000;800;9558593260;S
20240207;102139;164.480000000;10;9558593261;S
20240207;102139;164.470000000;5190;9558593262;S
20240207;102148;164.500000000;10;9558595772;B
20240207;102149;164.470000000;30;9558596535;S
20240207;102152;164.510000000;80;9558597027;B
20240207;102152;164.510000000;60;9558597028;B
20240207;102152;164.520000000;10;9558597098;B
20240207;102155;164.490000000;20;9558597582;B
20240207;102155;164.510000000;20;9558597583;B
20240207;102156;164.480000000;40;9558597789;S
20240207;102206;164.520000000;10;9558600774;B
20240207;102206;164.520000000;290;9558600847;B
20240207;102206;164.520000000;320;9558600857;S
20240207;102206;164.510000000;10;9558600858;S
20240207;102206;164.490000000;1000;9558600859;S
20240207;102206;164.480000000;10;9558600860;S
20240207;102206;164.470000000;780;9558600861;S
20240207;102206;164.470000000;880;9558600862;S
20240207;102207;164.520000000;300;9558601378;B
20240207;102207;164.520000000;4000;9558601379;B
20240207;102207;164.530000000;10;9558601430;B
20240207;102217;164.520000000;10;9558604222;B
20240207;102219;164.500000000;150;9558604904;S
20240207;102220;164.520000000;10;9558605815;B
20240207;102222;164.500000000;50;9558606285;S
20240207;102224;164.500000000;240;9558606724;S
20240207;102225;164.500000000;400;9558606818;S
20240207;102227;164.500000000;20;9558607526;S
20240207;102232;164.520000000;10;9558608813;B
20240207;102243;164.520000000;30;9558611802;B
20240207;102248;164.520000000;10;9558612445;B
20240207;102250;164.520000000;10;9558613367;B
20240207;102251;164.500000000;40;9558614555;S
20240207;102252;164.520000000;10;9558614750;B
20240207;102253;164.520000000;100;9558614892;B
20240207;102254;164.520000000;10;9558615084;B
20240207;102258;164.520000000;40;9558616691;B
20240207;102303;164.510000000;10;9558617697;S
20240207;102303;164.500000000;30;9558617698;S
20240207;102303;164.500000000;160;9558618204;S
20240207;102303;164.500000000;10;9558618205;S
20240207;102303;164.500000000;30;9558618224;B
20240207;102303;164.500000000;1500;9558618225;B
20240207;102303;164.500000000;2750;9558618226;B
20240207;102304;164.510000000;20;9558618330;B
20240207;102306;164.510000000;10;9558618474;B
20240207;102308;164.510000000;10;9558618789;B
20240207;102311;164.510000000;10;9558619080;B
20240207;102315;164.520000000;50;9558620894;B
20240207;102315;164.520000000;450;9558620895;B
20240207;102318;164.520000000;50;9558621533;B
20240207;102319;164.520000000;10;9558621539;B
20240207;102320;164.520000000;10;9558621981;B
20240207;102321;164.510000000;1000;9558622802;S
20240207;102321;164.500000000;500;9558622803;S
20240207;102323;164.510000000;20;9558623341;S
20240207;102323;164.520000000;10;9558623513;B
20240207;102323;164.540000000;10;9558623514;B
20240207;102325;164.540000000;50;9558623717;B
20240207;102329;164.540000000;80;9558624917;B
20240207;102329;164.550000000;20;9558624918;B
20240207;102333;164.550000000;980;9558625547;B
20240207;102333;164.550000000;300;9558625548;B
20240207;102333;164.550000000;1500;9558625549;B
20240207;102333;164.550000000;5000;9558625550;B
20240207;102335;164.550000000;130;9558626051;S
20240207;102340;164.560000000;10;9558628498;B
20240207;102342;164.560000000;10;9558629146;B
20240207;102345;164.550000000;10;9558629426;S
20240207;102345;164.550000000;10;9558629428;S
20240207;102345;164.550000000;10;9558629430;S
20240207;102345;164.550000000;10;9558629431;S
20240207;102345;164.550000000;10;9558629432;S
20240207;102345;164.550000000;10;9558629433;S
20240207;102345;164.550000000;10;9558629434;S
20240207;102345;164.550000000;10;9558629435;S
20240207;102347;164.560000000;70;9558629765;B
20240207;102347;164.560000000;190;9558629766;B
20240207;102347;164.550000000;10;9558629776;S
20240207;102347;164.550000000;10;9558629778;S
20240207;102347;164.550000000;10;9558629779;S
20240207;102347;164.550000000;10;9558629781;S
20240207;102347;164.550000000;10;9558629782;S
20240207;102347;164.550000000;10;9558629783;S
20240207;102348;164.560000000;10;9558630686;B
20240207;102351;164.560000000;30;9558631479;B
20240207;102354;164.560000000;40;9558632129;B
20240207;102354;164.550000000;250;9558632139;S
20240207;102355;164.560000000;730;9558632531;B
20240207;102355;164.560000000;270;9558632532;B
20240207;102356;164.560000000;20;9558632668;B
20240207;102404;164.550000000;30;9558635092;S
20240207;102407;164.550000000;10;9558636065;S
20240207;102411;164.550000000;50;9558637380;S
20240207;102416;164.550000000;20;9558638648;S
20240207;102418;164.550000000;1000;9558638975;S
20240207;102418;164.550000000;590;9558639005;S
20240207;102418;164.550000000;1000;9558639006;S
20240207;102418;164.550000000;50;9558639007;S
20240207;102418;164.550000000;160;9558639008;S
20240207;102418;164.550000000;600;9558639009;S
20240207;102418;164.550000000;3730;9558639010;S
20240207;102418;164.550000000;830;9558639011;S
20240207;102434;164.530000000;50;9558643741;S
20240207;102434;164.520000000;10;9558643742;S
20240207;102434;164.520000000;70;9558643743;S
20240207;102434;164.510000000;10;9558643744;S
20240207;102434;164.510000000;10;9558643745;S
20240207;102434;164.510000000;50;9558643746;S
20240207;102434;164.510000000;50;9558643747;S
20240207;102434;164.510000000;100;9558643750;S
20240207;102434;164.510000000;100;9558643751;S
20240207;102435;164.540000000;10;9558643789;B
20240207;102436;164.540000000;100;9558644031;B
20240207;102438;164.510000000;500;9558644991;S
20240207;102441;164.540000000;20;9558646400;B
20240207;102448;164.510000000;150;9558648142;S
20240207;102449;164.540000000;50;9558648249;B
20240207;102455;164.530000000;150;9558650819;S
20240207;102456;164.530000000;850;9558650988;S
20240207;102456;164.520000000;800;9558650989;S
20240207;102456;164.510000000;50;9558650990;S
20240207;102456;164.510000000;50;9558650991;S
20240207;102456;164.500000000;20;9558650992;S
20240207;102456;164.500000000;50;9558650993;S
20240207;102456;164.500000000;200;9558650994;S
20240207;102456;164.500000000;10;9558650995;S
20240207;102456;164.500000000;10;9558650996;S
20240207;102456;164.500000000;20;9558650997;S
20240207;102456;164.500000000;1000;9558650998;S
20240207;102456;164.500000000;300;9558650999;S
20240207;102456;164.490000000;50;9558651000;S
20240207;102456;164.490000000;2120;9558651001;S
20240207;102456;164.480000000;110;9558651002;S
20240207;102456;164.480000000;10;9558651003;S
20240207;102456;164.480000000;10;9558651004;S
20240207;102456;164.480000000;250;9558651005;S
20240207;102456;164.470000000;10;9558651006;S
20240207;102456;164.470000000;100;9558651007;S
20240207;102456;164.470000000;100;9558651008;S
20240207;102456;164.470000000;100;9558651009;S
20240207;102456;164.470000000;100;9558651010;S
20240207;102456;164.470000000;50;9558651011;S
20240207;102456;164.460000000;150;9558651012;S
20240207;102456;164.460000000;510;9558651013;S
20240207;102457;164.510000000;670;9558651103;B
20240207;102501;164.520000000;10;9558652467;B
20240207;102501;164.520000000;600;9558652850;B
20240207;102501;164.520000000;190;9558652905;B
20240207;102501;164.530000000;20;9558652908;S
20240207;102502;164.540000000;40;9558652962;B
20240207;102502;164.530000000;40;9558653085;S
20240207;102502;164.530000000;510;9558653102;S
20240207;102503;164.530000000;430;9558653171;S
20240207;102503;164.520000000;4190;9558653172;S
20240207;102503;164.510000000;1000;9558653173;S
20240207;102503;164.500000000;2000;9558653174;S
20240207;102503;164.500000000;300;9558653175;S
20240207;102508;164.470000000;10;9558654073;S
20240207;102509;164.490000000;300;9558654743;B
20240207;102509;164.500000000;310;9558654744;B
20240207;102510;164.500000000;300;9558654833;B
20240207;102515;164.500000000;330;9558656539;B
20240207;102520;164.490000000;10;9558657951;S
20240207;102520;164.470000000;990;9558657952;S
20240207;102521;164.500000000;70;9558658070;B
20240207;102522;164.500000000;1070;9558658722;B
20240207;102522;164.500000000;1500;9558658723;B
20240207;102522;164.500000000;460;9558658724;B
20240207;102537;164.500000000;10;9558662973;B
20240207;102537;164.500000000;20;9558662974;B
20240207;102544;164.500000000;10;9558664491;B
20240207;102547;164.500000000;10;9558665294;B
20240207;102547;164.480000000;30;9558665337;S
20240207;102548;164.500000000;30;9558665390;B
20240207;102549;164.500000000;300;9558665448;B
20240207;102557;164.500000000;10;9558668387;B
20240207;102559;164.480000000;970;9558668580;S
20240207;102559;164.480000000;280;9558668581;S
20240207;102559;164.500000000;10;9558668636;B
20240207;102559;164.480000000;20;9558668669;S
20240207;102603;164.480000000;600;9558669970;S
20240207;102604;164.490000000;150;9558670091;B
20240207;102604;164.490000000;10;9558670096;B
20240207;102605;164.490000000;10;9558670165;B
20240207;102605;164.480000000;100;9558670172;S
20240207;102608;164.490000000;100;9558670572;B
20240207;102610;164.490000000;10;9558670836;B
20240207;102613;164.490000000;200;9558671156;B
20240207;102616;164.480000000;20;9558671517;S
20240207;102617;164.480000000;780;9558671687;S
20240207;102619;164.480000000;100;9558671886;S
20240207;102620;164.490000000;10;9558672039;B
20240207;102624;164.480000000;100;9558672386;S
20240207;102628;164.490000000;20;9558672781;B
20240207;102629;164.490000000;10;9558673037;B
20240207;102630;164.490000000;20;9558673080;B
20240207;102631;164.490000000;20;9558673221;B
20240207;102632;164.480000000;30;9558673371;S
20240207;102633;164.480000000;10;9558673380;S
20240207;102633;164.480000000;10;9558673502;S
20240207;102637;164.490000000;10;9558673810;B
20240207;102637;164.480000000;30;9558673841;S
20240207;102639;164.490000000;30;9558673971;B
20240207;102640;164.490000000;100;9558674130;B
20240207;102640;164.480000000;10;9558674148;S
20240207;102642;164.490000000;400;9558674544;B
20240207;102643;164.480000000;100;9558674641;S
