<DATE>;<TIME>;<LAST>;<VOL>;<ID>;<OPER>
20240412;095958;166.52;10;10107349111;S
20240412;095958;166.52;10;10107349112;S
20240412;095958;166.52;20;10107349113;B
20240412;095958;166.52;10;10107349114;S
20240412;095958;166.52;80;10107349115;S
20240412;095958;166.52;90;10107349116;S
20240412;095958;166.52;10;10107349117;S
20240412;095958;166.52;40;10107349118;S
20240412;095958;166.52;300;10107349119;S
20240412;095958;166.52;310;10107349120;S
20240412;095958;166.52;10;10107349121;S
20240412;095958;166.52;100;10107349122;S
20240412;095958;166.52;80;10107349123;S
20240412;095958;166.52;10;10107349124;S
20240412;095958;166.52;10;10107349125;S
20240412;095958;166.52;20;10107349126;S
20240412;095958;166.52;70;10107349127;S
20240412;095958;166.52;20;10107349128;S
20240412;095958;166.52;20;10107349129;S
20240412;095958;166.52;10;10107349130;S
20240412;095958;166.52;30;10107349131;S
20240412;095958;166.52;90;10107349132;S
20240412;095958;166.52;10;10107349133;S
20240412;095958;166.52;80;10107349134;S
20240412;095958;166.52;20;10107349135;S
20240412;095958;166.52;40;10107349136;S
20240412;095958;166.52;220;10107349137;S
20240412;095958;166.52;140;10107349138;S
20240412;095958;166.52;80;10107349139;S
20240412;095958;166.52;10;10107349140;S
20240412;095958;166.52;10;10107349141;S
20240412;095958;166.52;20;10107349142;S
20240412;095958;166.52;30;10107349143;B
20240412;095958;166.52;60;10107349144;B
20240412;095958;166.52;20;10107349145;B
20240412;095958;166.52;300;10107349146;S
20240412;095958;166.52;10;10107349147;B
20240412;095958;166.52;10;10107349148;B
20240412;095958;166.52;10;10107349149;S
20240412;095958;166.52;10;10107349150;S
20240412;095958;166.52;40;10107349151;B
20240412;095958;166.52;20;10107349152;B
20240412;095958;166.52;930;10107349153;S
20240412;095958;166.52;20;10107349154;S
20240412;095958;166.52;30;10107349155;S
20240412;095958;166.52;20;10107349156;S
20240412;095958;166.52;10;10107349157;S
20240412;095958;166.52;90;10107349158;S
20240412;095958;166.52;610;10107349159;S
20240412;095958;166.52;1290;10107349160;S
20240412;095958;166.52;10;10107349161;S
20240412;095958;166.52;150;10107349162;B
20240412;095958;166.52;10;10107349163;B
20240412;095958;166.52;20;10107349164;B
20240412;095958;166.52;520;10107349165;B
20240412;095958;166.52;20;10107349166;B
20240412;095958;166.52;10;10107349167;B
20240412;095958;166.52;500;10107349168;B
20240412;095958;166.52;400;10107349169;B
20240412;095958;166.52;490;10107349170;B
20240412;095958;166.52;10;10107349171;B
20240412;095958;166.52;30;10107349172;B
20240412;095958;166.52;40;10107349173;B
20240412;095958;166.52;530;10107349174;B
20240412;095958;166.52;10;10107349175;B
20240412;095958;166.52;10;10107349176;B
20240412;095958;166.52;50;10107349177;B
20240412;095958;166.52;90;10107349178;B
20240412;095958;166.52;30;10107349179;B
20240412;095958;166.52;50;10107349180;B
20240412;095958;166.52;280;10107349181;B
20240412;095958;166.52;10;10107349182;B
20240412;095958;166.52;20;10107349183;B
20240412;095958;166.52;10;10107349184;B
20240412;095958;166.52;10;10107349185;B
20240412;095958;166.52;30;10107349186;B
20240412;095958;166.52;30;10107349187;B
20240412;095958;166.52;20;10107349188;B
20240412;095958;166.52;10;10107349189;B
20240412;095958;166.52;10;10107349190;B
20240412;095958;166.52;10;10107349191;B
20240412;095958;166.52;1360;10107349192;B
20240412;095958;166.52;90;10107349193;B
20240412;095958;166.52;80;10107349194;B
20240412;095958;166.52;40;10107349195;B
20240412;095958;166.52;500;10107349196;B
20240412;095958;166.52;1930;10107349197;B
20240412;095958;166.52;10;10107349198;B
20240412;095958;166.52;460;10107349199;B
20240412;095958;166.52;20;10107349200;B
20240412;095958;166.52;580;10107349201;B
20240412;095958;166.52;10;10107349202;B
20240412;095958;166.52;20;10107349203;B
20240412;095958;166.52;2220;10107349204;B
20240412;095958;166.52;10;10107349205;B
20240412;095958;166.52;10;10107349206;B
20240412;095958;166.52;10;10107349207;B
20240412;095958;166.52;100;10107349208;B
20240412;095958;166.52;890;10107349209;B
20240412;095958;166.52;10;10107349210;B
20240412;095958;166.52;600;10107349211;B
20240412;095958;166.52;10;10107349212;B
20240412;095958;166.52;20;10107349213;B
20240412;095958;166.52;10;10107349214;B
20240412;095958;166.52;30;10107349215;B
20240412;095958;166.52;10;10107349216;B
20240412;095958;166.52;10;10107349217;B
20240412;095958;166.52;10;10107349218;B
20240412;095958;166.52;60;10107349219;B
20240412;095958;166.52;10;10107349220;B
20240412;095958;166.52;330;10107349221;B
20240412;095958;166.52;20;10107349222;B
20240412;095958;166.52;10;10107349223;B
20240412;095958;166.52;10;10107349224;B
20240412;095958;166.52;10;10107349225;B
20240412;095958;166.52;70;10107349226;B
20240412;095958;166.52;10;10107349227;B
20240412;095958;166.52;10;10107349228;B
20240412;095958;166.52;50;10107349229;B
20240412;095958;166.52;100;10107349230;B
20240412;095958;166.52;10;10107349231;B
20240412;095958;166.52;10;10107349232;B
20240412;095958;166.52;10;10107349233;B
20240412;095958;166.52;120;10107349234;B
20240412;095958;166.52;10;10107349235;B
20240412;095958;166.52;10;10107349236;B
20240412;095958;166.52;100;10107349237;B
20240412;095958;166.52;50;10107349238;B
20240412;095958;166.52;50;10107349239;B
20240412;095958;166.52;10;10107349240;B
20240412;095958;166.52;20;10107349241;B
20240412;095958;166.52;50;10107349242;B
20240412;095958;166.52;10;10107349243;B
20240412;095958;166.52;10;10107349244;B
20240412;095958;166.52;10;10107349245;B
20240412;095958;166.52;20;10107349246;B
20240412;095958;166.52;10;10107349247;B
20240412;095958;166.52;10;10107349248;B
20240412;095958;166.52;880;10107349249;B
20240412;095958;166.52;10;10107349250;B
20240412;095958;166.52;10;10107349251;B
20240412;095958;166.52;10;10107349252;B
20240412;095958;166.52;50;10107349253;B
20240412;095958;166.52;10;10107349254;B
20240412;095958;166.52;50;10107349255;B
20240412;095958;166.52;5000;10107349256;B
20240412;095958;166.52;20;10107349257;B
20240412;095958;166.52;20;10107349258;B
20240412;095958;166.52;20;10107349259;B
20240412;095958;166.52;20;10107349260;B
20240412;095958;166.52;20;10107349261;B
20240412;095958;166.52;20;10107349262;B
20240412;095958;166.52;20;10107349263;B
20240412;095958;166.52;20;10107349264;B
20240412;095958;166.52;20;10107349265;B
20240412;095958;166.52;20;10107349266;B
20240412;095958;166.52;20;10107349267;B
20240412;095958;166.52;20;10107349268;B
20240412;095958;166.52;20;10107349269;B
20240412;095958;166.52;20;10107349270;B
20240412;095958;166.52;20;10107349271;B
20240412;095958;166.52;20;10107349272;B
20240412;095958;166.52;20;10107349273;B
20240412;095958;166.52;20;10107349274;B
20240412;095958;166.52;20;10107349275;B
20240412;095958;166.52;20;10107349276;B
20240412;095958;166.52;20;10107349277;B
20240412;095958;166.52;20;10107349278;B
20240412;095958;166.52;20;10107349279;B
20240412;095958;166.52;20;10107349280;B
20240412;095958;166.52;20;10107349281;B
20240412;095958;166.52;20;10107349282;B
20240412;095958;166.52;10;10107349283;B
20240412;095958;166.52;10;10107349284;B
20240412;095958;166.52;100;10107349285;B
20240412;095958;166.52;30;10107349286;B
20240412;095958;166.52;10;10107349287;B
20240412;095958;166.52;50;10107349288;B
20240412;095958;166.52;10;10107349289;B
20240412;095958;166.52;10;10107349290;B
20240412;095958;166.52;10;10107349291;B
20240412;095958;166.52;30;10107349292;B
20240412;095958;166.52;4810;10107349293;B
20240412;095958;166.52;600;10107349294;B
20240412;095958;166.52;200;10107349295;B
20240412;095958;166.52;10;10107349296;B
20240412;095958;166.52;500;10107349297;B
20240412;095958;166.52;610;10107349298;B
20240412;095958;166.52;7500;10107349299;B
20240412;095958;166.52;600;10107349300;B
20240412;095958;166.52;5060;10107349301;B
20240412;095958;166.52;10;10107349302;B
20240412;095958;166.52;10;10107349303;B
20240412;095958;166.52;2000;10107349304;B
20240412;095958;166.52;2000;10107349305;B
20240412;095958;166.52;10;10107349306;B
20240412;095958;166.52;10;10107349307;B
20240412;095958;166.52;10;10107349308;B
20240412;095958;166.52;20;10107349309;B
20240412;095958;166.52;100;10107349310;B
20240412;095958;166.52;10;10107349311;B
20240412;095958;166.52;500;10107349312;B
20240412;095958;166.52;10;10107349313;B
20240412;095958;166.52;40;10107349314;B
20240412;095958;166.52;50;10107349315;B
20240412;095958;166.52;50;10107349316;B
20240412;095958;166.52;130;10107349317;B
20240412;095958;166.52;10;10107349318;B
20240412;095958;166.52;50;10107349319;B
20240412;095958;166.52;100;10107349320;B
20240412;095958;166.52;10;10107349321;B
20240412;095958;166.52;20;10107349322;B
20240412;095958;166.52;10;10107349323;B
20240412;095958;166.52;40;10107349324;B
20240412;095958;166.52;20;10107349325;S
20240412;095958;166.52;20;10107349326;S
20240412;095958;166.52;200;10107349327;B
20240412;095958;166.52;10;10107349328;B
20240412;095958;166.52;10;10107349329;B
20240412;095958;166.52;10;10107349330;B
20240412;095958;166.52;10;10107349331;B
20240412;095958;166.52;100;10107349332;B
20240412;095958;166.52;100;10107349333;B
20240412;095958;166.52;200;10107349334;B
20240412;095958;166.52;10;10107349335;B
20240412;095958;166.52;10;10107349336;B
20240412;095958;166.52;2430;10107349337;B
20240412;095958;166.52;10000;10107349338;B
20240412;095958;166.52;1000;10107349339;S
20240412;095958;166.52;100;10107349340;B
20240412;095958;166.52;20;10107349341;B
20240412;095958;166.52;30;10107349342;B
20240412;095958;166.52;10;10107349343;B
20240412;095958;166.52;10;10107349344;B
20240412;095958;166.52;10;10107349345;B
20240412;095958;166.52;10;10107349346;B
20240412;095958;166.52;10;10107349347;B
20240412;095958;166.52;250;10107349348;B
20240412;095958;166.52;10;10107349349;B
20240412;095958;166.52;10;10107349350;B
20240412;095958;166.52;100;10107349351;B
20240412;095958;166.52;30;10107349352;B
20240412;095958;166.52;100;10107349353;B
20240412;095958;166.52;180;10107349354;B
20240412;095958;166.52;10;10107349355;B
20240412;095958;166.52;20;10107349356;B
20240412;095958;166.52;1000;10107349357;B
20240412;095958;166.52;10;10107349358;B
20240412;095958;166.52;1180;10107349359;B
20240412;095958;166.52;30;10107349360;B
20240412;095958;166.52;10;10107349361;B
20240412;095958;166.52;100;10107349362;B
20240412;095958;166.52;100;10107349363;B
20240412;095958;166.52;10;10107349364;B
20240412;095958;166.52;22260;10107349365;B
20240412;095958;166.52;10;10107349366;B
20240412;095958;166.52;10;10107349367;S
20240412;095958;166.52;50;10107349368;S
20240412;095958;166.52;2500;10107349369;B
20240412;095958;166.52;300;10107349370;B
20240412;095958;166.52;200;10107349371;B
20240412;095958;166.52;1800;10107349372;B
20240412;095958;166.52;500;10107349373;B
20240412;095958;166.52;50;10107349374;B
20240412;095958;166.52;1450;10107349375;B
20240412;095958;166.52;500;10107349376;B
20240412;095958;166.52;18000;10107349377;B
20240412;095958;166.52;70;10107349378;S
20240412;095958;166.52;3000;10107349379;S
20240412;095958;166.52;50;10107349380;S
20240412;095958;166.52;50;10107349381;S
20240412;095958;166.52;270;10107349382;S
20240412;095958;166.52;500;10107349383;B
20240412;095958;166.52;6000;10107349384;B
20240412;095958;166.52;1450;10107349385;B
20240412;095958;166.52;900;10107349386;B
20240412;095958;166.52;730;10107349387;B
20240412;095958;166.52;600;10107349388;B
20240412;095958;166.52;1210;10107349389;B
20240412;095958;166.52;20;10107349390;B
20240412;095958;166.52;370;10107349391;B
20240412;095958;166.52;330;10107349392;B
20240412;095958;166.52;10;10107349393;B
20240412;095958;166.52;250;10107349394;B
20240412;095958;166.52;300;10107349395;B
20240412;095958;166.52;300;10107349396;B
20240412;095958;166.52;810;10107349397;S
20240412;095958;166.52;300;10107349398;S
20240412;095958;166.52;10;10107349399;S
20240412;095958;166.52;50;10107349400;S
20240412;095958;166.52;5000;10107349401;S
20240412;095958;166.52;10;10107349402;S
20240412;095958;166.52;100;10107349403;S
20240412;095958;166.52;20;10107349404;S
20240412;095958;166.52;290;10107349405;S
20240412;095958;166.52;50;10107349406;S
20240412;095958;166.52;340;10107349407;S
20240412;095958;166.52;30;10107349408;S
20240412;095958;166.52;1000;10107349409;S
20240412;095958;166.52;100;10107349410;S
20240412;095958;166.52;30;10107349411;S
20240412;095958;166.52;50;10107349412;S
20240412;095958;166.52;10;10107349413;B
20240412;095958;166.52;10;10107349414;B
20240412;095958;166.52;500;10107349415;B
20240412;095958;166.52;10;10107349416;B
20240412;095958;166.52;20;10107349417;S
20240412;095958;166.52;1000;10107349418;S
20240412;095958;166.52;500;10107349419;S
20240412;100000;166.52;1890;10107349795;S
20240412;100000;166.53;50;10107349805;B
20240412;100000;166.53;20;10107349806;B
20240412;100000;166.54;10;10107349807;B
20240412;100000;166.54;10;10107349808;B
20240412;100000;166.54;10;10107349809;B
20240412;100000;166.54;20;10107349821;B
20240412;100000;166.55;10;10107349822;B
20240412;100000;166.55;10;10107349823;B
20240412;100000;166.55;10;10107349824;B
20240412;100000;166.55;10;10107349825;B
20240412;100000;166.56;50;10107349826;B
20240412;100000;166.56;10;10107349827;B
20240412;100000;166.56;130;10107349828;B
20240412;100000;166.56;50;10107349829;B
20240412;100000;166.57;40;10107349830;B
20240412;100000;166.57;200;10107349831;B
20240412;100000;166.58;250;10107349832;B
20240412;100000;166.59;10;10107349833;B
20240412;100000;166.59;150;10107349834;B
20240412;100000;166.59;10;10107349835;B
20240412;100000;166.59;10;10107349836;B
20240412;100000;166.59;10;10107349837;B
20240412;100000;166.6;20;10107349838;B
20240412;100000;166.6;1000;10107349839;B
20240412;100000;166.54;100;10107349866;S
20240412;100000;166.54;300;10107349867;S
20240412;100000;166.53;1000;10107349868;S
20240412;100000;166.52;490;10107349869;S
20240412;100000;166.55;10;10107349972;S
20240412;100000;166.56;20;10107349995;S
20240412;100000;166.56;50;10107349996;S
20240412;100000;166.59;500;10107350007;B
20240412;100000;166.56;100;10107350009;S
20240412;100000;166.56;10;10107350011;S
20240412;100000;166.56;10;10107350013;S
20240412;100000;166.56;300;10107350020;S
20240412;100000;166.59;500;10107350026;B
20240412;100000;166.59;890;10107350029;B
20240412;100000;166.6;10;10107350030;B
20240412;100000;166.6;10;10107350031;B
20240412;100000;166.6;100;10107350032;B
20240412;100000;166.6;10;10107350033;B
20240412;100000;166.6;40;10107350034;B
20240412;100000;166.6;20;10107350035;B
20240412;100000;166.6;20;10107350036;B
20240412;100000;166.6;20;10107350037;B
20240412;100000;166.6;50;10107350038;B
20240412;100000;166.6;70;10107350039;B
20240412;100000;166.6;40;10107350040;B
20240412;100000;166.6;20;10107350041;B
20240412;100000;166.6;2000;10107350042;B
20240412;100000;166.6;50;10107350043;B
20240412;100000;166.61;20;10107350044;B
20240412;100000;166.61;20;10107350045;B
20240412;100000;166.61;40;10107350046;B
20240412;100000;166.61;300;10107350047;B
20240412;100000;166.62;10;10107350048;B
20240412;100000;166.63;10;10107350049;B
20240412;100000;166.63;10;10107350050;B
20240412;100000;166.63;80;10107350051;B
20240412;100000;166.64;1160;10107350052;B
20240412;100000;166.57;1250;10107350060;S
20240412;100000;166.57;50;10107350075;S
20240412;100000;166.57;100;10107350076;S
20240412;100000;166.64;500;10107350080;B
20240412;100000;166.64;430;10107350089;B
20240412;100000;166.57;20;10107350093;S
20240412;100000;166.59;100;10107350102;S
20240412;100000;166.57;190;10107350103;S
20240412;100000;166.57;210;10107350104;S
20240412;100000;166.64;60;10107350105;B
20240412;100000;166.64;850;10107350106;B
20240412;100000;166.64;100;10107350107;B
20240412;100000;166.65;10;10107350108;B
20240412;100000;166.65;40;10107350109;B
20240412;100000;166.57;50;10107350111;S
20240412;100000;166.59;500;10107350121;S
20240412;100000;166.63;300;10107350125;B
20240412;100000;166.65;200;10107350126;B
20240412;100000;166.6;80;10107350157;S
20240412;100000;166.65;510;10107350164;B
20240412;100000;166.65;1140;10107350171;B
20240412;100000;166.66;10;10107350172;B
20240412;100000;166.67;50;10107350173;B
20240412;100000;166.67;50;10107350174;B
20240412;100000;166.67;50;10107350175;B
20240412;100000;166.67;1080;10107350176;B
20240412;100000;166.6;130;10107350178;S
20240412;100000;166.6;500;10107350179;S
20240412;100000;166.59;250;10107350180;S
20240412;100000;166.59;10;10107350200;S
20240412;100000;166.67;100;10107350224;B
20240412;100000;166.65;10;10107350227;S
20240412;100000;166.66;1220;10107350229;B
20240412;100000;166.67;6820;10107350230;B
20240412;100000;166.67;300;10107350231;B
20240412;100000;166.68;100;10107350232;B
20240412;100000;166.68;20;10107350233;B
20240412;100000;166.68;540;10107350234;B
20240412;100000;166.66;50;10107350250;S
20240412;100000;166.68;1400;10107350266;B
20240412;100000;166.67;500;10107350272;S
20240412;100000;166.63;300;10107350273;S
20240412;100000;166.62;210;10107350274;S
20240412;100000;166.62;1490;10107350275;S
20240412;100000;166.68;60;10107350288;B
20240412;100000;166.68;10;10107350289;B
20240412;100000;166.68;300;10107350290;B
20240412;100000;166.68;10;10107350295;S
20240412;100000;166.68;20;10107350297;S
20240412;100000;166.67;240;10107350298;S
20240412;100000;166.66;210;10107350299;S
20240412;100000;166.65;30;10107350300;S
20240412;100000;166.68;100;10107350323;S
20240412;100000;166.68;10;10107350336;S
20240412;100000;166.68;390;10107350342;S
20240412;100000;166.68;110;10107350343;S
20240412;100000;166.68;210;10107350355;S
20240412;100000;166.68;20;10107350386;S
20240412;100000;166.68;160;10107350389;S
20240412;100000;166.66;210;10107350390;S
20240412;100000;166.65;210;10107350391;S
20240412;100000;166.64;210;10107350392;S
20240412;100000;166.63;210;10107350393;S
20240412;100000;166.62;210;10107350394;S
20240412;100000;166.61;210;10107350395;S
20240412;100000;166.61;100;10107350396;S
20240412;100000;166.61;300;10107350397;S
20240412;100000;166.6;210;10107350398;S
20240412;100000;166.6;1890;10107350399;S
20240412;100000;166.59;210;10107350400;S
20240412;100000;166.58;210;10107350401;S
20240412;100000;166.58;660;10107350402;S
20240412;100000;166.58;100;10107350403;S
20240412;100000;166.59;100;10107350406;S
20240412;100000;166.59;110;10107350407;S
20240412;100000;166.58;190;10107350408;S
20240412;100000;166.58;10;10107350409;S
20240412;100000;166.68;40;10107350411;B
20240412;100000;166.6;10;10107350414;S
20240412;100000;166.68;200;10107350415;B
20240412;100000;166.6;20;10107350417;S
20240412;100000;166.68;60;10107350428;B
20240412;100000;166.68;40;10107350429;B
20240412;100000;166.61;210;10107350431;S
20240412;100000;166.6;30;10107350432;S
20240412;100000;166.6;210;10107350433;S
20240412;100000;166.68;300;10107350437;B
20240412;100000;166.68;1000;10107350440;B
20240412;100000;166.6;10;10107350442;S
20240412;100000;166.68;550;10107350445;B
20240412;100000;166.68;300;10107350446;B
20240412;100000;166.69;10;10107350447;B
20240412;100000;166.69;40;10107350448;B
20240412;100000;166.57;210;10107350450;S
20240412;100000;166.57;290;10107350451;S
20240412;100000;166.68;200;10107350454;B
20240412;100000;166.68;100;10107350459;B
20240412;100000;166.69;100;10107350460;B
20240412;100000;166.59;210;10107350461;S
20240412;100000;166.58;950;10107350462;S
20240412;100000;166.58;210;10107350463;S
20240412;100000;166.58;1130;10107350464;S
20240412;100000;166.68;300;10107350466;B
20240412;100000;166.69;700;10107350467;B
20240412;100000;166.68;1000;10107350485;B
20240412;100000;166.68;300;10107350496;B
20240412;100000;166.69;10;10107350498;S
20240412;100000;166.69;10;10107350499;S
20240412;100000;166.69;680;10107350500;S
20240412;100000;166.57;200;10107350502;S
20240412;100000;166.69;1000;10107350503;B
20240412;100000;166.69;210;10107350509;B
20240412;100000;166.7;10;10107350510;B
20240412;100000;166.7;10;10107350511;B
20240412;100000;166.7;100;10107350512;B
20240412;100000;166.7;10;10107350513;B
20240412;100000;166.7;10;10107350514;B
20240412;100000;166.7;50;10107350515;B
20240412;100000;166.7;50;10107350516;B
20240412;100000;166.7;10;10107350517;B
20240412;100000;166.7;10;10107350518;B
20240412;100000;166.7;730;10107350519;B
20240412;100000;166.69;450;10107350524;S
20240412;100000;166.69;550;10107350528;S
20240412;100000;166.58;210;10107350529;S
20240412;100000;166.58;240;10107350530;S
20240412;100000;166.69;100;10107350531;S
20240412;100000;166.69;300;10107350534;S
20240412;100000;166.7;250;10107350541;B
20240412;100000;166.69;10;10107350542;S
20240412;100000;166.7;10;10107350578;B
20240412;100000;166.69;10;10107350593;S
20240412;100000;166.69;100;10107350597;S
20240412;100000;166.69;100;10107350611;S
20240412;100000;166.69;380;10107350613;S
20240412;100000;166.69;120;10107350614;S
20240412;100000;166.69;10;10107350627;S
20240412;100000;166.69;10;10107350629;S
20240412;100000;166.69;10;10107350630;S
20240412;100000;166.7;220;10107350638;B
20240412;100000;166.7;2790;10107350639;B
20240412;100000;166.7;50;10107350640;B
20240412;100000;166.7;300;10107350641;B
20240412;100000;166.7;2160;10107350642;B
20240412;100000;166.7;40;10107350643;B
20240412;100000;166.71;100;10107350674;B
20240412;100000;166.71;300;10107350675;B
20240412;100000;166.71;10;10107350703;S
20240412;100000;166.72;80;10107350704;B
20240412;100000;166.71;290;10107350705;S
20240412;100000;166.7;10;10107350706;S
20240412;100000;166.71;300;10107350720;S
20240412;100000;166.7;200;10107350721;S
20240412;100000;166.7;30;10107350725;S
20240412;100001;166.71;10;10107350763;S
20240412;100001;166.72;230;10107350770;B
20240412;100001;166.72;10;10107350771;B
20240412;100001;166.72;20;10107350782;S
20240412;100001;166.72;10;10107350802;S
20240412;100001;166.72;100;10107350822;S
20240412;100001;166.72;300;10107350840;S
20240412;100001;166.72;20;10107350858;S
20240412;100001;166.72;100;10107350877;S
20240412;100001;166.72;20;10107350890;S
20240412;100001;166.72;100;10107350892;S
20240412;100001;166.72;90;10107350918;S
20240412;100001;166.72;10;10107350919;S
20240412;100001;166.72;70;10107350945;S
20240412;100001;166.72;450;10107350985;S
20240412;100001;166.72;10;10107350986;S
20240412;100001;166.72;200;10107350989;S
20240412;100001;166.72;200;10107350995;S
20240412;100001;166.72;10;10107351008;S
20240412;100001;166.72;10;10107351018;S
20240412;100001;166.72;10;10107351040;S
20240412;100001;166.72;30;10107351049;S
20240412;100001;166.72;270;10107351050;S
20240412;100001;166.72;10;10107351101;S
20240412;100001;166.72;400;10107351107;S
20240412;100001;166.73;20;10107351129;B
20240412;100001;166.74;10;10107351130;B
20240412;100001;166.74;20;10107351131;B
20240412;100001;166.74;50;10107351132;B
20240412;100001;166.74;10;10107351133;B
20240412;100001;166.74;20;10107351134;B
20240412;100001;166.74;20;10107351135;B
20240412;100001;166.75;50;10107351136;B
20240412;100001;166.72;100;10107351144;S
20240412;100001;166.72;220;10107351145;S
20240412;100001;166.72;10;10107351146;S
20240412;100001;166.72;400;10107351163;S
20240412;100001;166.72;440;10107351176;S
20240412;100001;166.7;420;10107351177;S
20240412;100001;166.68;300;10107351178;S
20240412;100001;166.67;340;10107351179;S
20240412;100001;166.68;330;10107351186;B
20240412;100001;166.69;30;10107351188;S
20240412;100001;166.69;140;10107351189;S
20240412;100001;166.69;20;10107351190;S
20240412;100001;166.72;300;10107351191;B
20240412;100001;166.72;30;10107351197;S
20240412;100001;166.73;300;10107351207;B
20240412;100001;166.74;1090;10107351208;B
20240412;100001;166.74;1510;10107351209;B
20240412;100001;166.75;50;10107351210;B
20240412;100001;166.75;10;10107351211;B
20240412;100001;166.75;200;10107351212;B
20240412;100001;166.75;10;10107351213;B
20240412;100001;166.75;50;10107351214;B
20240412;100001;166.75;10;10107351215;B
20240412;100001;166.75;1880;10107351216;B
20240412;100001;166.76;10;10107351217;B
20240412;100001;166.76;50;10107351218;B
20240412;100001;166.76;970;10107351219;B
20240412;100001;166.77;10;10107351220;B
20240412;100001;166.77;100;10107351221;B
20240412;100001;166.77;10;10107351222;B
20240412;100001;166.77;4140;10107351223;B
20240412;100001;166.76;150;10107351230;B
20240412;100001;166.66;20;10107351240;S
20240412;100001;166.75;300;10107351317;B
20240412;100001;166.76;1810;10107351318;B
20240412;100001;166.76;1090;10107351319;B
20240412;100001;166.77;5860;10107351320;B
20240412;100001;166.78;100;10107351321;B
20240412;100001;166.78;840;10107351322;B
20240412;100001;166.66;10;10107351338;S
20240412;100001;166.78;30;10107351375;B
20240412;100001;166.66;270;10107351378;S
20240412;100001;166.66;1230;10107351379;S
20240412;100001;166.66;50;10107351382;S
20240412;100001;166.66;10;10107351418;S
20240412;100001;166.75;80;10107351422;B
20240412;100001;166.65;20;10107351472;S
20240412;100001;166.66;100;10107351484;S
20240412;100001;166.65;180;10107351493;S
20240412;100001;166.65;300;10107351494;S
20240412;100001;166.64;20;10107351495;S
20240412;100001;166.64;190;10107351496;S
20240412;100001;166.63;110;10107351497;S
20240412;100001;166.64;210;10107351502;S
20240412;100001;166.64;300;10107351503;S
20240412;100001;166.63;100;10107351504;S
20240412;100001;166.63;390;10107351505;S
20240412;100001;166.64;10;10107351515;S
20240412;100001;166.62;100;10107351692;S
20240412;100001;166.62;110;10107351717;S
20240412;100001;166.62;300;10107351718;S
20240412;100001;166.62;1590;10107351719;S
20240412;100001;166.62;210;10107351723;S
20240412;100001;166.62;140;10107351724;S
20240412;100001;166.62;160;10107351732;S
20240412;100001;166.62;210;10107351733;S
20240412;100001;166.61;210;10107351734;S
20240412;100001;166.61;1650;10107351735;S
20240412;100001;166.62;210;10107351743;S
20240412;100001;166.61;790;10107351744;S
20240412;100002;166.62;20;10107351783;S
20240412;100002;166.62;10;10107351862;S
20240412;100002;166.69;10;10107351874;B
20240412;100002;166.69;490;10107351875;B
20240412;100002;166.62;30;10107351882;S
20240412;100002;166.62;150;10107351884;S
20240412;100002;166.62;300;10107351885;S
20240412;100002;166.62;250;10107351886;S
20240412;100002;166.63;10;10107351888;S
20240412;100002;166.63;10;10107351889;S
20240412;100002;166.7;100;10107351988;B
20240412;100002;166.69;10;10107352004;S
20240412;100002;166.7;10;10107352006;B
20240412;100002;166.7;90;10107352026;B
20240412;100002;166.7;600;10107352027;B
20240412;100002;166.7;20;10107352028;B
20240412;100002;166.72;300;10107352029;B
20240412;100002;166.73;1090;10107352030;B
20240412;100002;166.73;900;10107352031;B
20240412;100002;166.69;10;10107352065;S
20240412;100002;166.69;70;10107352067;S
20240412;100002;166.69;110;10107352099;S
20240412;100002;166.66;110;10107352100;S
20240412;100002;166.64;120;10107352116;S
20240412;100002;166.7;20;10107352126;B
20240412;100002;166.7;480;10107352127;B
20240412;100002;166.64;10;10107352130;S
20240412;100002;166.64;10;10107352152;S
20240412;100002;166.64;160;10107352188;S
20240412;100002;166.64;150;10107352189;S
20240412;100002;166.65;300;10107352213;S
20240412;100002;166.64;4850;10107352214;S
20240412;100002;166.63;650;10107352215;S
20240412;100002;166.71;120;10107352255;B
20240412;100002;166.64;20;10107352331;S
20240412;100002;166.64;280;10107352336;S
20240412;100002;166.63;2580;10107352337;S
20240412;100002;166.62;210;10107352338;S
20240412;100002;166.61;210;10107352339;S
20240412;100002;166.61;1160;10107352340;S
20240412;100002;166.6;210;10107352341;S
20240412;100002;166.6;680;10107352342;S
20240412;100002;166.61;20;10107352366;S
20240412;100002;166.61;10;10107352368;S
20240412;100002;166.61;180;10107352376;S
20240412;100002;166.61;300;10107352377;S
20240412;100002;166.6;20;10107352378;S
20240412;100002;166.67;300;10107352384;B
20240412;100002;166.68;100;10107352385;B
20240412;100002;166.61;20;10107352408;S
20240412;100002;166.61;190;10107352409;S
20240412;100002;166.61;10;10107352410;S
20240412;100002;166.71;300;10107352416;B
20240412;100002;166.72;1090;10107352417;B
20240412;100002;166.74;20;10107352418;B
20240412;100002;166.74;1510;10107352419;B
20240412;100002;166.75;80;10107352420;B
20240412;100002;166.61;40;10107352441;S
20240412;100002;166.61;10;10107352466;S
20240412;100002;166.61;10;10107352481;S
20240412;100002;166.61;500;10107352502;S
20240412;100002;166.65;300;10107352507;B
20240412;100002;166.61;200;10107352514;S
20240412;100002;166.65;20;10107352634;B
20240412;100002;166.61;20;10107352657;S
20240412;100002;166.61;10;10107352669;S
20240412;100002;166.65;280;10107352689;B
20240412;100002;166.66;920;10107352690;B
20240412;100002;166.6;10;10107352731;S
20240412;100002;166.6;30;10107352772;S
20240412;100002;166.6;60;10107352790;S
20240412;100002;166.6;10;10107352792;S
20240412;100002;166.61;10;10107352798;B
20240412;100002;166.65;1090;10107352799;B
20240412;100002;166.66;100;10107352800;B
20240412;100002;166.66;50;10107352816;B
20240412;100002;166.6;10;10107352868;S
20240412;100002;166.66;150;10107352881;B
20240412;100002;166.67;50;10107352882;B
20240412;100002;166.6;200;10107352883;S
20240412;100002;166.6;100;10107352887;S
20240412;100002;166.6;10;10107352893;S
20240412;100002;166.6;10;10107352894;S
20240412;100002;166.6;10;10107352904;S
20240412;100002;166.6;20;10107352907;S
20240412;100002;166.6;10;10107352922;S
20240412;100003;166.6;500;10107353100;S
20240412;100003;166.6;70;10107353117;S
20240412;100003;166.6;30;10107353128;S
20240412;100003;166.6;10;10107353131;S
20240412;100003;166.6;400;10107353140;S
20240412;100003;166.6;500;10107353169;S
20240412;100003;166.6;5330;10107353180;S
20240412;100003;166.6;600;10107353181;S
20240412;100003;166.6;300;10107353182;S
20240412;100003;166.6;1890;10107353183;S
20240412;100003;166.59;1880;10107353184;S
20240412;100003;166.61;40;10107353198;B
20240412;100003;166.64;60;10107353199;B
20240412;100003;166.64;240;10107353200;B
20240412;100003;166.65;10;10107353201;B
20240412;100003;166.65;1090;10107353202;B
20240412;100003;166.66;1890;10107353203;B
20240412;100003;166.67;350;10107353204;B
20240412;100003;166.67;1420;10107353205;B
20240412;100003;166.59;70;10107353207;S
20240412;100003;166.6;30;10107353249;S
20240412;100003;166.6;50;10107353260;S
20240412;100003;166.66;10;10107353284;B
20240412;100003;166.6;100;10107353321;S
20240412;100003;166.6;270;10107353357;S
20240412;100003;166.59;100;10107353363;S
20240412;100003;166.59;70;10107353368;S
20240412;100003;166.66;10;10107353373;B
20240412;100003;166.59;50;10107353377;S
20240412;100003;166.59;100;10107353394;S
20240412;100003;166.58;10;10107353399;S
20240412;100003;166.58;100;10107353412;S
20240412;100003;166.57;10;10107353439;S
20240412;100003;166.57;990;10107353453;S
20240412;100003;166.57;210;10107353454;S
20240412;100003;166.57;300;10107353455;S
20240412;100003;166.56;210;10107353456;S
20240412;100003;166.56;1890;10107353457;S
20240412;100003;166.55;210;10107353458;S
20240412;100003;166.55;1420;10107353459;S
20240412;100003;166.55;2000;10107353460;S
20240412;100003;166.54;300;10107353461;S
20240412;100003;166.54;500;10107353462;S
20240412;100003;166.54;100;10107353463;S
20240412;100003;166.54;200;10107353464;S
20240412;100003;166.54;600;10107353465;S
20240412;100003;166.54;300;10107353466;S
20240412;100003;166.54;1000;10107353467;S
20240412;100003;166.54;1000;10107353468;S
20240412;100003;166.54;1000;10107353469;S
20240412;100003;166.54;1000;10107353470;S
20240412;100003;166.54;800;10107353471;S
20240412;100003;166.54;500;10107353472;S
20240412;100003;166.54;400;10107353473;S
20240412;100003;166.54;70;10107353474;S
20240412;100003;166.55;50;10107353484;S
20240412;100003;166.55;10;10107353522;S
20240412;100003;166.59;10;10107353523;B
20240412;100003;166.55;70;10107353531;S
20240412;100003;166.59;290;10107353533;B
20240412;100003;166.59;10;10107353534;B
20240412;100003;166.6;10;10107353535;B
20240412;100003;166.61;290;10107353536;B
20240412;100003;166.55;20;10107353560;S
20240412;100003;166.55;60;10107353608;S
20240412;100003;166.54;30;10107353609;S
20240412;100003;166.54;10;10107353610;S
20240412;100003;166.58;40;10107353633;B
20240412;100003;166.58;60;10107353634;B
20240412;100003;166.59;300;10107353635;B
20240412;100003;166.6;500;10107353636;B
20240412;100003;166.6;10;10107353637;B
20240412;100003;166.55;50;10107353658;S
20240412;100004;166.58;10;10107353713;B
20240412;100004;166.58;40;10107353772;B
20240412;100004;166.61;10;10107353773;B
20240412;100004;166.61;10;10107353774;B
20240412;100004;166.62;60;10107353775;B
20240412;100004;166.62;280;10107353776;B
20240412;100004;166.58;10;10107353824;S
20240412;100004;166.56;210;10107353825;S
20240412;100004;166.55;80;10107353826;S
20240412;100004;166.55;10;10107353846;S
20240412;100004;166.55;10;10107353990;S
20240412;100004;166.55;50;10107354043;S
20240412;100004;166.6;10;10107354071;B
20240412;100004;166.6;30;10107354089;B
20240412;100004;166.55;10;10107354090;S
20240412;100004;166.6;10;10107354092;B
20240412;100004;166.6;10;10107354095;B
20240412;100004;166.55;10;10107354464;S
20240412;100004;166.59;10;10107354477;B
20240412;100004;166.6;290;10107354478;B
20240412;100005;166.55;10;10107354609;S
20240412;100005;166.6;30;10107354619;B
20240412;100005;166.6;20;10107354625;B
20240412;100005;166.63;980;10107354626;B
20240412;100005;166.55;50;10107354629;S
20240412;100005;166.63;10;10107354630;B
20240412;100005;166.63;10;10107354631;B
20240412;100005;166.63;40;10107354642;B
20240412;100005;166.63;10;10107354643;B
20240412;100005;166.63;80;10107354673;B
20240412;100005;166.63;10;10107355075;B
20240412;100005;166.63;40;10107355104;B
20240412;100005;166.63;10;10107355106;B
20240412;100005;166.6;10;10107355111;S
20240412;100005;166.64;10;10107355112;B
20240412;100005;166.64;10;10107355121;B
20240412;100005;166.6;10;10107355126;S
20240412;100005;166.6;10;10107355131;S
20240412;100005;166.6;390;10107355134;S
20240412;100005;166.63;10;10107355136;B
20240412;100005;166.6;10;10107355140;S
20240412;100005;166.63;10;10107355141;B
20240412;100005;166.63;10;10107355143;B
20240412;100005;166.6;10;10107355146;S
20240412;100005;166.64;40;10107355154;B
20240412;100005;166.64;240;10107355155;B
20240412;100005;166.64;1650;10107355159;B
20240412;100005;166.64;300;10107355160;B
20240412;100005;166.65;20;10107355161;B
20240412;100005;166.65;3620;10107355162;B
20240412;100005;166.65;400;10107355163;B
20240412;100005;166.65;3620;10107355164;B
20240412;100005;166.66;10;10107355165;B
20240412;100005;166.66;4280;10107355166;B
20240412;100005;166.66;720;10107355252;B
20240412;100005;166.66;20;10107355253;B
20240412;100005;166.67;10;10107355254;B
20240412;100005;166.67;1000;10107355255;B
20240412;100005;166.68;1250;10107355256;B
20240412;100005;166.6;10;10107355450;S
20240412;100005;166.63;10;10107355662;S
20240412;100005;166.62;10;10107355812;B
20240412;100005;166.63;50;10107355813;B
20240412;100005;166.63;10;10107355816;B
20240412;100005;166.63;10;10107355932;B
20240412;100005;166.57;10;10107355935;S
20240412;100005;166.67;10;10107355950;B
20240412;100005;166.68;10000;10107355966;B
20240412;100005;166.61;120;10107356323;S
20240412;100005;166.62;10;10107356859;B
20240412;100005;166.68;20;10107356868;B
20240412;100006;166.6;100;10107356991;S
20240412;100006;166.68;10;10107357042;B
20240412;100006;166.58;10;10107357046;S
20240412;100006;166.58;10;10107357056;S
20240412;100006;166.67;10;10107357061;B
20240412;100006;166.6;10;10107357064;S
20240412;100006;166.68;10;10107357066;B
20240412;100006;166.67;20;10107357072;B
20240412;100006;166.67;10;10107357073;B
20240412;100006;166.58;40;10107357082;S
20240412;100006;166.68;80;10107357107;B
20240412;100006;166.68;90;10107357126;B
20240412;100006;166.68;10;10107357137;B
20240412;100006;166.58;10;10107357212;S
20240412;100006;166.67;10;10107357217;B
20240412;100006;166.63;130;10107357336;S
20240412;100006;166.63;1000;10107357747;S
20240412;100006;166.67;10;10107357757;B
20240412;100006;166.62;10;10107357759;S
20240412;100006;166.62;10;10107357760;S
20240412;100006;166.67;10;10107357761;B
20240412;100006;166.62;10;10107357772;S
20240412;100006;166.62;10;10107357778;S
20240412;100006;166.62;10;10107357792;S
20240412;100006;166.67;10;10107357816;B
20240412;100006;166.67;290;10107357841;B
20240412;100006;166.68;10;10107357858;B
20240412;100006;166.67;120;10107357867;S
20240412;100006;166.68;10;10107357999;B
20240412;100006;166.67;10;10107358001;S
20240412;100006;166.68;10;10107358003;B
20240412;100006;166.68;360;10107358007;B
20240412;100006;166.68;20;10107358014;B
20240412;100006;166.68;30;10107358021;B
20240412;100006;166.67;10;10107358032;S
20240412;100006;166.68;1000;10107358069;B
20240412;100006;166.68;5000;10107358419;B
20240412;100006;166.67;20;10107358484;S
20240412;100006;166.68;10;10107358489;B
20240412;100006;166.68;200;10107358887;B
20240412;100007;166.68;10;10107359115;B
20240412;100007;166.68;10;10107359116;B
20240412;100007;166.68;10;10107359119;B
20240412;100007;166.68;10;10107359120;B
20240412;100007;166.68;10;10107359125;B
20240412;100007;166.68;1830;10107359197;B
20240412;100007;166.69;10;10107359198;B
20240412;100007;166.69;10;10107359199;B
20240412;100007;166.69;20;10107359200;B
20240412;100007;166.7;3080;10107359201;B
20240412;100007;166.7;10;10107359271;B
20240412;100007;166.7;10;10107359275;B
20240412;100007;166.7;10;10107359279;B
20240412;100007;166.7;10;10107359283;B
20240412;100007;166.7;1000;10107359559;B
20240412;100007;166.68;10;10107359601;S
20240412;100007;166.7;70;10107359624;B
20240412;100007;166.7;10;10107359650;B
20240412;100007;166.7;10;10107359651;B
20240412;100007;166.7;30;10107359768;B
20240412;100007;166.7;300;10107360007;B
20240412;100007;166.7;10;10107360008;B
20240412;100008;166.69;10;10107360221;S
20240412;100008;166.7;60;10107360391;B
20240412;100008;166.69;10;10107360392;S
20240412;100008;166.69;10;10107360394;S
20240412;100008;166.7;10;10107360396;B
20240412;100008;166.7;600;10107360401;B
20240412;100008;166.7;60;10107360525;B
20240412;100008;166.69;30;10107360527;S
20240412;100008;166.7;10;10107360529;B
20240412;100008;166.7;10;10107360531;B
20240412;100008;166.7;10;10107360533;B
20240412;100008;166.69;20;10107360535;S
20240412;100008;166.7;10;10107360539;B
20240412;100008;166.69;10;10107360717;S
20240412;100008;166.69;220;10107360726;S
20240412;100008;166.69;50;10107360727;S
20240412;100008;166.69;1880;10107360728;S
20240412;100008;166.69;10;10107360729;S
20240412;100008;166.68;10;10107360730;S
20240412;100008;166.67;10;10107360731;S
20240412;100008;166.67;10;10107360732;S
20240412;100008;166.67;10;10107360733;S
20240412;100008;166.67;600;10107360734;S
20240412;100008;166.65;80;10107360735;S
20240412;100008;166.65;1510;10107360736;S
20240412;100008;166.65;610;10107360737;S
20240412;100008;166.7;10;10107360767;B
20240412;100008;166.7;10400;10107360827;B
20240412;100008;166.7;4810;10107360870;B
20240412;100008;166.7;10;10107360880;B
20240412;100008;166.67;10;10107360902;S
20240412;100008;166.7;2500;10107361175;B
20240412;100008;166.7;10;10107361254;B
20240412;100008;166.7;10;10107361255;B
20240412;100008;166.7;10;10107361257;B
20240412;100008;166.7;10;10107361258;B
20240412;100008;166.7;10;10107361259;B
20240412;100008;166.67;10;10107361260;S
20240412;100008;166.67;10;10107361273;S
20240412;100008;166.7;1000;10107361492;B
20240412;100009;166.7;40;10107361606;B
20240412;100009;166.7;70;10107361618;B
20240412;100009;166.7;10;10107361657;B
20240412;100009;166.67;10;10107361658;S
20240412;100009;166.7;10;10107361659;B
20240412;100009;166.7;5000;10107361762;B
20240412;100009;166.67;10;10107361776;S
20240412;100009;166.7;10;10107361779;B
20240412;100009;166.67;70;10107361799;S
20240412;100009;166.67;140;10107361812;S
20240412;100009;166.7;70;10107361919;B
20240412;100009;166.7;10;10107362070;B
20240412;100009;166.68;10;10107362092;S
20240412;100009;166.7;50;10107362093;B
20240412;100009;166.7;200;10107362214;B
20240412;100009;166.7;10;10107362220;B
20240412;100010;166.7;30;10107362366;B
20240412;100010;166.7;20;10107362470;B
20240412;100010;166.69;10;10107362634;S
20240412;100010;166.69;100;10107362635;S
20240412;100010;166.69;10;10107362636;S
20240412;100010;166.69;10;10107362637;S
20240412;100010;166.67;300;10107362638;S
20240412;100010;166.66;300;10107362639;S
20240412;100010;166.65;220;10107362640;S
20240412;100010;166.7;370;10107362644;B
20240412;100010;166.7;40;10107362645;B
20240412;100010;166.7;100;10107362646;B
20240412;100010;166.7;10;10107362647;B
20240412;100010;166.7;90;10107362648;B
20240412;100010;166.7;10;10107362659;B
20240412;100010;166.66;10;10107362660;S
20240412;100010;166.66;10;10107362673;S
20240412;100010;166.66;10;10107362678;S
20240412;100010;166.7;100;10107362697;B
20240412;100010;166.7;100;10107362698;B
20240412;100010;166.7;80;10107362802;B
20240412;100010;166.7;270;10107362803;B
20240412;100011;166.7;330;10107363031;B
20240412;100011;166.7;10;10107363032;B
20240412;100011;166.72;10;10107363213;B
20240412;100011;166.73;190;10107363214;B
20240412;100011;166.73;50;10107363242;B
20240412;100011;166.73;60;10107363247;B
20240412;100011;166.74;50;10107363248;B
20240412;100011;166.73;300;10107363266;B
20240412;100011;166.74;450;10107363267;B
20240412;100011;166.74;10;10107363268;B
20240412;100011;166.75;140;10107363269;B
20240412;100011;166.74;300;10107363324;B
20240412;100011;166.75;480;10107363325;B
20240412;100011;166.75;20;10107363326;B
20240412;100011;166.75;10;10107363327;B
20240412;100011;166.76;100;10107363328;B
20240412;100011;166.76;4400;10107363329;B
20240412;100011;166.76;2230;10107363330;B
20240412;100011;166.76;210;10107363331;B
20240412;100011;166.76;10;10107363332;B
20240412;100011;166.76;2240;10107363333;B
20240412;100011;166.71;30;10107363369;S
20240412;100011;166.75;50;10107363438;B
20240412;100012;166.75;80;10107363484;B
20240412;100012;166.75;170;10107363543;B
20240412;100012;166.75;1880;10107363544;B
20240412;100012;166.76;2950;10107363545;B
20240412;100012;166.76;10;10107363554;B
20240412;100012;166.76;4800;10107363587;B
20240412;100012;166.77;70;10107363588;B
20240412;100012;166.77;130;10107363589;B
20240412;100012;166.77;30;10107363593;B
20240412;100012;166.77;50;10107363612;B
20240412;100012;166.77;10;10107363613;B
20240412;100012;166.77;10;10107363614;B
20240412;100012;166.78;20;10107363615;B
20240412;100012;166.78;280;10107363618;B
20240412;100012;166.78;210;10107363619;B
20240412;100012;166.78;10;10107363620;B
20240412;100012;166.78;10;10107363621;B
20240412;100012;166.79;20;10107363622;B
20240412;100012;166.79;470;10107363623;B
20240412;100012;166.73;300;10107363707;S
20240412;100012;166.73;10;10107363708;S
20240412;100012;166.73;10;10107363709;S
20240412;100012;166.72;50;10107363710;S
20240412;100012;166.72;10;10107363711;S
20240412;100012;166.72;10;10107363712;S
20240412;100012;166.72;110;10107363713;S
20240412;100012;166.72;10;10107363721;S
20240412;100012;166.78;210;10107363739;B
20240412;100012;166.79;150;10107363740;B
20240412;100012;166.79;1640;10107363741;B
20240412;100012;166.78;210;10107363764;B
20240412;100012;166.78;300;10107363765;B
20240412;100012;166.79;3360;10107363766;B
20240412;100012;166.79;10;10107363767;B
20240412;100012;166.79;2430;10107363768;B
20240412;100012;166.79;210;10107363769;B
20240412;100012;166.79;1000;10107363770;B
20240412;100012;166.79;50;10107363771;B
20240412;100012;166.79;1880;10107363772;B
20240412;100012;166.8;10;10107363773;B
20240412;100012;166.8;10;10107363774;B
20240412;100012;166.8;20000;10107363775;B
20240412;100012;166.8;10;10107363776;B
20240412;100012;166.8;100;10107363777;B
20240412;100012;166.8;10;10107363778;B
20240412;100012;166.8;130;10107363779;B
20240412;100012;166.8;100;10107363780;B
20240412;100012;166.8;20180;10107363781;B
20240412;100012;166.8;480;10107363793;B
20240412;100013;166.8;2860;10107363800;B
20240412;100013;166.75;300;10107363844;S
20240412;100013;166.74;10;10107363845;S
20240412;100013;166.74;10;10107363846;S
20240412;100013;166.73;1090;10107363847;S
20240412;100013;166.72;90;10107363848;S
20240412;100013;166.8;10;10107363854;B
20240412;100013;166.74;300;10107363860;S
20240412;100013;166.73;520;10107363861;S
20240412;100013;166.76;10;10107363886;S
20240412;100013;166.75;10;10107363980;S
20240412;100013;166.74;300;10107363981;S
20240412;100013;166.73;690;10107363982;S
20240412;100013;166.74;300;10107364004;S
20240412;100013;166.73;700;10107364005;S
20240412;100013;166.8;500;10107364007;B
20240412;100013;166.75;20;10107364056;S
20240412;100013;166.74;290;10107364057;S
20240412;100013;166.79;300;10107364134;B
20240412;100013;166.8;2700;10107364135;B
20240412;100013;166.8;3000;10107364136;B
20240412;100014;166.79;200;10107364308;B
20240412;100014;166.8;1650;10107364309;B
20240412;100014;166.76;10;10107364355;S
20240412;100015;166.8;500;10107364484;B
20240412;100015;166.8;50;10107364488;B
20240412;100015;166.8;500;10107364527;B
20240412;100015;166.77;10;10107364615;S
20240412;100015;166.8;200;10107364635;B
20240412;100015;166.8;300;10107364639;B
20240412;100015;166.78;10;10107364660;S
20240412;100015;166.8;100;10107364671;B
20240412;100015;166.79;10;10107364686;S
20240412;100016;166.79;390;10107364731;S
20240412;100016;166.78;40;10107364732;S
20240412;100016;166.76;10;10107364733;S
20240412;100016;166.75;10;10107364734;S
20240412;100016;166.75;300;10107364735;S
20240412;100016;166.73;90;10107364928;S
20240412;100016;166.73;500;10107365041;S
20240412;100017;166.75;120;10107365059;B
20240412;100017;166.72;10;10107365103;S
20240412;100017;166.72;10;10107365193;S
20240412;100017;166.75;2000;10107365307;B
20240412;100018;166.75;10;10107365391;B
20240412;100018;166.74;10;10107365407;S
20240412;100018;166.75;60;10107365536;B
20240412;100019;166.75;60;10107365578;B
20240412;100019;166.79;300;10107365579;B
20240412;100019;166.79;1140;10107365580;B
20240412;100019;166.79;100;10107365734;B
20240412;100019;166.77;10;10107365797;S
20240412;100019;166.77;500;10107365831;S
20240412;100019;166.78;80;10107365855;B
20240412;100020;166.78;300;10107365974;B
20240412;100020;166.79;950;10107365975;B
20240412;100020;166.79;500;10107366083;B
20240412;100021;166.79;30;10107366294;B
20240412;100021;166.79;10;10107366344;B
20240412;100021;166.79;1000;10107366396;B
20240412;100021;166.77;90;10107366443;S
20240412;100021;166.73;110;10107366444;S
20240412;100021;166.76;1000;10107366535;S
20240412;100022;166.79;2000;10107366629;B
20240412;100022;166.79;40;10107366672;B
20240412;100022;166.78;30;10107366739;B
20240412;100022;166.75;10;10107366761;S
20240412;100022;166.74;60;10107366762;S
20240412;100023;166.73;60;10107366902;S
20240412;100023;166.78;50;10107366971;B
20240412;100024;166.75;300;10107367086;S
20240412;100024;166.74;1090;10107367087;S
20240412;100024;166.74;110;10107367088;S
20240412;100024;166.75;1090;10107367132;S
20240412;100024;166.75;300;10107367133;S
20240412;100024;166.74;1880;10107367134;S
20240412;100024;166.71;30;10107367135;S
20240412;100024;166.71;1430;10107367136;S
20240412;100024;166.67;270;10107367137;S
20240412;100024;166.77;10;10107367267;B
20240412;100024;166.78;50;10107367268;B
20240412;100025;166.71;100;10107367345;B
20240412;100025;166.78;70;10107367346;B
20240412;100025;166.78;100;10107367347;B
20240412;100025;166.79;450;10107367348;B
20240412;100025;166.78;10;10107367373;S
20240412;100025;166.78;10;10107367375;S
20240412;100025;166.78;50;10107367384;S
20240412;100025;166.79;1280;10107367410;B
20240412;100025;166.79;300;10107367411;B
20240412;100025;166.8;1970;10107367412;B
20240412;100025;166.8;20;10107367413;B
20240412;100025;166.8;10;10107367414;B
20240412;100025;166.8;100;10107367415;B
20240412;100025;166.8;10;10107367416;B
20240412;100025;166.8;10;10107367417;B
20240412;100025;166.8;20;10107367418;B
20240412;100025;166.8;50;10107367419;B
20240412;100025;166.8;20;10107367420;B
20240412;100025;166.8;20;10107367421;B
20240412;100025;166.8;1000;10107367422;B
20240412;100025;166.8;1190;10107367423;B
20240412;100025;166.8;2000;10107367521;B
20240412;100026;166.8;100;10107367595;B
20240412;100026;166.8;20;10107367606;B
20240412;100026;166.78;10;10107367652;S
20240412;100026;166.79;50;10107367657;B
20240412;100026;166.8;950;10107367658;B
20240412;100026;166.78;50;10107367787;S
20240412;100027;166.79;10;10107367970;B
20240412;100027;166.78;100;10107368003;S
20240412;100027;166.78;270;10107368015;S
20240412;100027;166.78;90;10107368021;B
20240412;100027;166.78;10;10107368043;B
20240412;100028;166.78;50;10107368069;B
20240412;100028;166.78;3910;10107368097;B
20240412;100028;166.75;40;10107368249;S
20240412;100028;166.72;1090;10107368250;S
20240412;100028;166.72;300;10107368251;S
20240412;100028;166.71;820;10107368252;S
20240412;100028;166.7;100;10107368253;S
20240412;100028;166.7;1510;10107368254;S
20240412;100028;166.7;570;10107368255;S
20240412;100028;166.71;1510;10107368272;S
20240412;100028;166.71;300;10107368273;S
20240412;100028;166.71;330;10107368274;S
20240412;100028;166.7;160;10107368275;S
20240412;100028;166.77;50;10107368356;B
20240412;100028;166.77;50;10107368357;B
20240412;100029;166.77;20;10107368425;B
20240412;100029;166.78;670;10107368426;B
20240412;100029;166.78;300;10107368427;B
20240412;100029;166.79;10;10107368458;B
20240412;100029;166.79;10;10107368459;B
20240412;100029;166.78;100;10107368475;S
20240412;100029;166.79;10;10107368515;B
20240412;100029;166.78;40;10107368544;S
20240412;100029;166.7;10;10107368562;S
20240412;100029;166.75;10;10107368598;B
20240412;100030;166.75;430;10107368677;B
20240412;100030;166.75;1330;10107368794;B
20240412;100030;166.69;10;10107368855;S
20240412;100030;166.75;50;10107368865;B
20240412;100030;166.75;140;10107368944;B
20240412;100030;166.77;60;10107368945;B
20240412;100031;166.69;10;10107369061;S
20240412;100031;166.77;50;10107369240;B
20240412;100031;166.77;10;10107369241;B
20240412;100031;166.7;10;10107369242;B
20240412;100031;166.76;200;10107369249;S
20240412;100031;166.74;660;10107369250;S
20240412;100031;166.71;360;10107369251;S
20240412;100031;166.7;780;10107369252;S
20240412;100031;166.77;300;10107369270;B
20240412;100032;166.69;10;10107369431;S
20240412;100032;166.69;60;10107369478;S
20240412;100032;166.73;20;10107369497;B
20240412;100032;166.72;30;10107369575;B
20240412;100032;166.73;300;10107369576;B
20240412;100033;166.68;10;10107369672;S
20240412;100033;166.73;170;10107369829;B
20240412;100033;166.72;10;10107369946;B
20240412;100034;166.72;90;10107370081;B
20240412;100034;166.73;260;10107370082;B
20240412;100034;166.69;70;10107370123;S
20240412;100034;166.73;200;10107370339;B
20240412;100034;166.73;700;10107370368;B
20240412;100034;166.69;300;10107370467;S
20240412;100034;166.73;10;10107370547;B
20240412;100035;166.73;340;10107370906;B
20240412;100035;166.75;50;10107370907;B
20240412;100035;166.76;300;10107370908;B
20240412;100035;166.77;1000;10107370909;B
20240412;100035;166.77;1000;10107370910;B
20240412;100035;166.77;1880;10107370911;B
20240412;100035;166.78;430;10107370912;B
20240412;100035;166.69;300;10107371136;S
20240412;100035;166.69;350;10107371137;S
20240412;100035;166.77;100;10107371282;B
20240412;100035;166.77;100;10107371334;B
20240412;100036;166.77;100;10107371405;B
20240412;100036;166.77;1000;10107371406;B
20240412;100036;166.77;1090;10107371407;B
20240412;100036;166.78;570;10107371408;B
20240412;100036;166.78;30;10107371409;B
20240412;100036;166.78;500;10107371410;B
20240412;100036;166.78;300;10107371411;B
20240412;100036;166.78;600;10107371412;B
20240412;100036;166.69;10;10107371464;S
20240412;100036;166.69;100;10107371515;S
20240412;100036;166.77;300;10107371616;B
20240412;100036;166.78;700;10107371617;B
20240412;100036;166.78;1000;10107371618;B
20240412;100036;166.78;300;10107371737;B
20240412;100036;166.79;10;10107371738;B
20240412;100036;166.79;90;10107371739;B
20240412;100037;166.77;20;10107371978;S
20240412;100039;166.77;10;10107372380;S
20240412;100039;166.77;970;10107372508;S
20240412;100039;166.77;500;10107372509;S
20240412;100039;166.73;10;10107372510;S
20240412;100039;166.72;300;10107372511;S
20240412;100039;166.71;10;10107372512;S
20240412;100039;166.71;710;10107372513;S
20240412;100039;166.78;20;10107372670;B
20240412;100040;166.79;1000;10107372714;B
20240412;100040;166.72;10;10107372734;S
20240412;100040;166.78;10;10107372773;B
20240412;100040;166.75;10;10107372854;S
20240412;100040;166.75;100;10107372925;S
20240412;100041;166.78;70;10107373048;B
20240412;100042;166.75;60;10107373333;S
20240412;100042;166.71;940;10107373334;S
20240412;100042;166.77;10;10107373465;B
20240412;100042;166.77;940;10107373466;B
20240412;100042;166.77;300;10107373467;B
20240412;100042;166.77;50;10107373468;B
20240412;100042;166.77;500;10107373469;B
20240412;100042;166.78;20;10107373498;B
20240412;100043;166.72;10;10107373576;S
20240412;100043;166.77;10;10107373601;B
20240412;100043;166.78;90;10107373602;B
20240412;100043;166.71;2000;10107373687;S
20240412;100044;166.71;1000;10107374012;S
20240412;100044;166.7;10;10107374057;S
20240412;100045;166.7;30;10107374058;S
20240412;100045;166.7;5000;10107374060;S
20240412;100045;166.73;300;10107374082;B
20240412;100045;166.73;300;10107374083;B
20240412;100045;166.76;10;10107374084;B
20240412;100045;166.77;10;10107374085;B
20240412;100045;166.77;1510;10107374086;B
20240412;100045;166.77;870;10107374087;B
20240412;100045;166.75;10;10107374104;B
20240412;100045;166.72;100;10107374298;S
20240412;100045;166.71;620;10107374299;S
20240412;100045;166.7;4280;10107374300;S
20240412;100046;166.75;290;10107374354;B
20240412;100046;166.76;1510;10107374355;B
20240412;100046;166.76;200;10107374356;B
20240412;100046;166.75;10;10107374360;B
20240412;100046;166.75;30;10107374431;B
20240412;100046;166.7;10;10107374518;S
20240412;100046;166.76;300;10107374529;B
20240412;100046;166.77;3620;10107374530;B
20240412;100046;166.77;1080;10107374531;B
20240412;100047;166.71;10;10107374658;S
20240412;100047;166.71;10;10107374753;S
20240412;100047;166.77;10;10107374756;B
20240412;100047;166.71;50;10107374819;S
20240412;100049;166.71;610;10107375138;S
20240412;100049;166.71;3000;10107375201;S
20240412;100049;166.75;70;10107375216;B
20240412;100049;166.75;420;10107375460;B
20240412;100049;166.75;10;10107375556;B
20240412;100049;166.75;600;10107375557;B
20240412;100049;166.71;10;10107375558;S
20240412;100049;166.7;90;10107375559;S
20240412;100049;166.75;1200;10107375570;B
20240412;100050;166.7;1400;10107375636;S
20240412;100050;166.77;90;10107375654;B
20240412;100050;166.77;210;10107375655;B
20240412;100050;166.7;10;10107375865;S
20240412;100050;166.7;2000;10107375932;S
20240412;100051;166.72;2500;10107376362;B
20240412;100051;166.72;100;10107376363;B
20240412;100051;166.73;1000;10107376364;B
20240412;100051;166.75;1400;10107376365;B
20240412;100051;166.71;150;10107376390;S
20240412;100051;166.77;1510;10107376402;B
20240412;100051;166.77;990;10107376403;B
20240412;100052;166.76;20;10107376738;B
20240412;100052;166.71;10;10107376744;S
20240412;100052;166.76;30;10107376968;B
20240412;100052;166.77;270;10107376969;B
20240412;100054;166.75;10;10107377167;B
20240412;100054;166.77;990;10107377168;B
20240412;100054;166.71;40;10107377173;S
20240412;100054;166.71;500;10107377340;S
20240412;100054;166.71;1180;10107377434;S
20240412;100054;166.71;300;10107377435;S
20240412;100054;166.71;2870;10107377436;S
20240412;100054;166.7;650;10107377437;S
20240412;100055;166.76;10;10107377680;B
20240412;100055;166.75;500;10107377691;B
20240412;100055;166.76;900;10107377692;B
20240412;100055;166.71;120;10107377719;S
20240412;100055;166.76;40;10107377796;B
20240412;100056;166.71;10;10107377844;S
20240412;100056;166.72;300;10107377960;S
20240412;100056;166.72;300;10107377961;S
20240412;100056;166.71;1750;10107377962;S
20240412;100056;166.7;1650;10107377963;S
20240412;100057;166.73;50;10107378042;B
20240412;100057;166.71;300;10107378057;S
20240412;100057;166.7;4700;10107378058;S
20240412;100057;166.71;300;10107378223;S
20240412;100057;166.7;200;10107378224;S
20240412;100058;166.7;10;10107378239;S
20240412;100058;166.7;13390;10107378268;S
20240412;100058;166.72;500;10107378284;B
20240412;100058;166.72;110;10107378357;B
20240412;100059;166.72;60;10107378393;B
20240412;100059;166.72;1090;10107378394;B
20240412;100059;166.73;1950;10107378395;B
20240412;100059;166.74;820;10107378396;B
20240412;100059;166.75;300;10107378397;B
20240412;100059;166.76;1470;10107378398;B
20240412;100059;166.76;3620;10107378399;B
20240412;100059;166.77;7200;10107378400;B
20240412;100059;166.77;1000;10107378401;B
20240412;100059;166.77;10;10107378402;B
20240412;100059;166.78;7480;10107378403;B
20240412;100059;166.76;20;10107378457;B
20240412;100059;166.72;400;10107378627;S
20240412;100059;166.74;100;10107378640;B
20240412;100059;166.76;90;10107378641;B
20240412;100100;166.77;40;10107378730;B
20240412;100100;166.73;40;10107378757;S
20240412;100100;166.73;40;10107378763;S
20240412;100100;166.73;20;10107378767;S
20240412;100100;166.73;10;10107378782;S
20240412;100100;166.73;10;10107378878;S
20240412;100100;166.73;10;10107378891;S
20240412;100100;166.76;10;10107378901;B
20240412;100100;166.77;10;10107378902;B
20240412;100100;166.73;100;10107378912;S
20240412;100100;166.73;50;10107378938;S
20240412;100100;166.77;150;10107378954;B
20240412;100101;166.73;10;10107378961;S
20240412;100101;166.77;400;10107378987;B
20240412;100101;166.75;100;10107379062;B
20240412;100101;166.73;10;10107379068;S
20240412;100101;166.72;100;10107379069;S
20240412;100101;166.72;20;10107379070;S
20240412;100101;166.75;650;10107379181;B
20240412;100101;166.72;300;10107379186;S
20240412;100101;166.71;60;10107379187;S
20240412;100102;166.71;60;10107379261;B
20240412;100102;166.71;10;10107379276;B
20240412;100102;166.71;320;10107379452;B
20240412;100102;166.73;560;10107379453;B
20240412;100102;166.75;1090;10107379454;B
20240412;100102;166.76;1000;10107379455;B
20240412;100102;166.77;30;10107379456;B
20240412;100102;166.71;80;10107379503;S
20240412;100102;166.76;10;10107379561;B
20240412;100102;166.76;1080;10107379668;B
20240412;100102;166.77;420;10107379669;B
20240412;100102;166.71;220;10107379672;S
20240412;100102;166.71;3620;10107379673;S
20240412;100102;166.7;1160;10107379674;S
20240412;100102;166.76;10;10107379677;B
20240412;100103;166.7;30;10107379748;S
20240412;100103;166.7;200;10107379749;S
20240412;100103;166.76;10;10107379753;B
20240412;100103;166.76;210;10107379756;B
20240412;100103;166.7;80;10107379761;S
20240412;100103;166.7;10;10107379792;S
20240412;100103;166.76;860;10107379814;B
20240412;100103;166.76;440;10107379815;B
20240412;100104;166.7;15090;10107379927;S
20240412;100104;166.7;10;10107379990;B
20240412;100104;166.7;300;10107380061;B
20240412;100104;166.69;10;10107380263;S
20240412;100104;166.7;10;10107380315;B
20240412;100105;166.7;10;10107380329;B
20240412;100105;166.69;10;10107380331;S
20240412;100105;166.69;10;10107380375;S
20240412;100106;166.7;10;10107380989;B
20240412;100106;166.7;60;10107380990;B
20240412;100106;166.7;30;10107381029;B
20240412;100106;166.7;570;10107381316;B
20240412;100106;166.7;140;10107381375;B
20240412;100107;166.69;20;10107381528;S
20240412;100107;166.68;100;10107381529;S
20240412;100107;166.68;280;10107381530;S
20240412;100107;166.69;50;10107381600;B
20240412;100107;166.68;100;10107381608;S
20240412;100107;166.69;250;10107381610;B
20240412;100107;166.69;690;10107381611;B
20240412;100107;166.68;520;10107381771;S
20240412;100107;166.67;480;10107381772;S
20240412;100108;166.69;100;10107381784;B
20240412;100108;166.67;60;10107381786;S
20240412;100108;166.69;60;10107381923;B
20240412;100108;166.7;340;10107381924;B
20240412;100108;166.7;60;10107381954;B
20240412;100109;166.68;20;10107382047;S
20240412;100109;166.69;40;10107382151;B
20240412;100109;166.68;100;10107382159;S
20240412;100109;166.69;80;10107382222;B
20240412;100110;166.69;20;10107382295;B
20240412;100110;166.69;200;10107382352;B
20240412;100110;166.68;10;10107382404;S
20240412;100110;166.68;110;10107382420;S
20240412;100110;166.69;1000;10107382421;B
20240412;100110;166.68;650;10107382423;S
20240412;100110;166.68;410;10107382424;S
20240412;100110;166.68;390;10107382425;S
20240412;100110;166.67;190;10107382426;S
20240412;100110;166.67;10;10107382427;S
20240412;100110;166.67;150;10107382428;S
20240412;100110;166.67;200;10107382429;S
20240412;100110;166.67;10;10107382432;S
20240412;100111;166.67;5770;10107382466;S
20240412;100111;166.66;200;10107382467;S
20240412;100111;166.66;30;10107382468;S
20240412;100111;166.67;300;10107382601;B
20240412;100111;166.67;700;10107382602;B
20240412;100112;166.65;10;10107382711;S
20240412;100112;166.6;540;10107382712;S
20240412;100113;166.64;500;10107383050;B
20240412;100113;166.61;500;10107383061;S
20240412;100113;166.61;100;10107383062;S
20240412;100114;166.62;10;10107383284;B
20240412;100114;166.6;3000;10107383298;S
20240412;100115;166.6;200;10107383404;S
20240412;100115;166.62;40;10107383450;B
20240412;100115;166.62;100;10107383451;B
20240412;100115;166.62;500;10107383452;B
20240412;100115;166.63;360;10107383453;B
20240412;100115;166.63;10;10107383464;B
20240412;100116;166.63;20;10107383501;B
20240412;100116;166.63;60;10107383608;B
20240412;100116;166.6;10;10107383629;S
20240412;100117;166.6;1000;10107383791;S
20240412;100117;166.6;50;10107383869;S
20240412;100117;166.6;5000;10107383943;S
20240412;100118;166.6;50;10107384127;S
20240412;100118;166.6;30;10107384234;S
20240412;100118;166.61;10;10107384289;S
20240412;100119;166.61;20;10107384306;S
20240412;100119;166.61;1030;10107384309;S
20240412;100119;166.61;70;10107384310;S
20240412;100119;166.61;940;10107384316;S
20240412;100119;166.6;5120;10107384317;S
20240412;100119;166.6;420;10107384318;S
20240412;100119;166.6;2000;10107384319;S
20240412;100119;166.59;300;10107384322;B
20240412;100119;166.59;700;10107384323;B
20240412;100119;166.59;30;10107384377;S
20240412;100119;166.59;10;10107384458;S
20240412;100119;166.6;100;10107384506;B
20240412;100120;166.6;600;10107384558;B
20240412;100120;166.59;10;10107384675;S
20240412;100121;166.6;2000;10107384829;B
20240412;100121;166.59;10;10107384832;S
20240412;100122;166.59;140;10107385081;S
20240412;100122;166.56;360;10107385082;S
20240412;100122;166.56;140;10107385087;S
20240412;100122;166.56;570;10107385088;S
20240412;100122;166.55;1290;10107385089;S
20240412;100122;166.6;10;10107385181;B
20240412;100122;166.55;10;10107385187;S
20240412;100122;166.6;300;10107385264;B
20240412;100122;166.6;10;10107385286;B
20240412;100123;166.59;160;10107385306;B
20240412;100123;166.59;840;10107385314;B
20240412;100123;166.59;1510;10107385315;B
20240412;100123;166.6;3500;10107385316;B
20240412;100123;166.6;570;10107385317;B
20240412;100123;166.6;1000;10107385318;B
20240412;100123;166.6;100;10107385319;B
20240412;100123;166.6;600;10107385320;S
20240412;100123;166.6;20;10107385321;S
20240412;100123;166.6;1000;10107385396;S
20240412;100123;166.6;100;10107385403;S
20240412;100125;166.6;550;10107385852;S
20240412;100125;166.6;610;10107385894;S
20240412;100125;166.6;4000;10107385908;S
20240412;100125;166.6;600;10107386023;S
20240412;100125;166.6;50;10107386024;S
20240412;100126;166.6;1950;10107386112;S
20240412;100126;166.56;550;10107386163;S
20240412;100126;166.59;300;10107386214;B
20240412;100126;166.59;20;10107386229;B
20240412;100127;166.55;4500;10107386450;S
20240412;100127;166.55;500;10107386451;S
20240412;100128;166.57;210;10107386562;B
20240412;100128;166.55;400;10107386618;S
20240412;100128;166.58;10;10107386627;B
20240412;100128;166.58;10;10107386659;B
20240412;100129;166.55;400;10107386904;S
20240412;100129;166.55;5600;10107386905;S
20240412;100129;166.57;40;10107386923;B
20240412;100130;166.56;10;10107387025;B
20240412;100130;166.56;10;10107387026;B
20240412;100130;166.55;10;10107387044;S
20240412;100130;166.55;40;10107387104;S
20240412;100130;166.57;450;10107387114;B
20240412;100130;166.55;120;10107387124;S
20240412;100132;166.55;2200;10107387490;S
20240412;100133;166.55;2850;10107387551;S
20240412;100133;166.55;70;10107387579;S
20240412;100133;166.55;50;10107387589;S
20240412;100133;166.55;13000;10107387612;S
20240412;100133;166.56;40;10107387643;B
20240412;100134;166.55;580;10107387770;S
20240412;100134;166.56;10;10107387801;B
20240412;100135;166.56;4950;10107387927;B
20240412;100135;166.56;50;10107387928;B
20240412;100136;166.56;50;10107388052;B
20240412;100136;166.56;1460;10107388120;B
20240412;100136;166.56;40;10107388121;B
20240412;100136;166.56;20;10107388169;B
20240412;100136;166.56;500;10107388170;B
20240412;100136;166.55;100;10107388221;S
20240412;100136;166.56;30;10107388230;B
20240412;100137;166.55;100;10107388318;S
20240412;100139;166.56;250;10107388632;B
20240412;100139;166.56;4720;10107388680;B
20240412;100139;166.56;500;10107388681;B
20240412;100139;166.56;10;10107388682;B
20240412;100139;166.56;10;10107388683;B
20240412;100139;166.57;20;10107388752;B
20240412;100140;166.57;200;10107389007;S
20240412;100141;166.57;1310;10107389100;S
20240412;100141;166.57;1090;10107389101;S
20240412;100141;166.56;600;10107389102;S
20240412;100141;166.58;500;10107389118;B
20240412;100141;166.58;750;10107389119;B
20240412;100142;166.57;100;10107389378;S
20240412;100143;166.57;1410;10107389418;S
20240412;100143;166.57;1090;10107389419;S
20240412;100143;166.56;1500;10107389420;S
20240412;100143;166.58;20;10107389431;B
20240412;100143;166.58;1500;10107389473;B
20240412;100143;166.57;250;10107389508;S
20240412;100144;166.57;400;10107389675;S
20240412;100145;166.57;100;10107389958;S
20240412;100146;166.58;450;10107390072;B
20240412;100146;166.57;10;10107390148;S
20240412;100146;166.58;10;10107390173;B
20240412;100146;166.57;1090;10107390202;S
20240412;100146;166.57;170;10107390203;S
20240412;100146;166.57;610;10107390204;S
20240412;100146;166.57;1510;10107390205;S
20240412;100146;166.56;2660;10107390206;S
20240412;100146;166.56;650;10107390207;S
20240412;100146;166.56;680;10107390208;S
20240412;100146;166.55;25280;10107390209;S
20240412;100146;166.55;600;10107390210;S
20240412;100146;166.55;10;10107390211;S
20240412;100146;166.55;820;10107390212;S
20240412;100146;166.55;300;10107390213;S
20240412;100146;166.54;5000;10107390214;S
20240412;100146;166.53;10;10107390215;S
20240412;100146;166.53;100;10107390216;S
20240412;100146;166.53;2160;10107390217;S
20240412;100146;166.53;230;10107390218;S
20240412;100146;166.53;2800;10107390219;S
20240412;100146;166.53;210;10107390220;S
20240412;100146;166.53;30;10107390221;S
20240412;100146;166.52;9600;10107390222;S
20240412;100146;166.52;44440;10107390223;S
20240412;100146;166.52;1040;10107390224;S
20240412;100147;166.53;900;10107390399;S
20240412;100147;166.53;1510;10107390400;S
20240412;100147;166.53;10;10107390401;S
20240412;100147;166.52;1080;10107390402;S
20240412;100147;166.53;10;10107390451;S
20240412;100148;166.54;300;10107390591;B
20240412;100148;166.55;700;10107390592;B
20240412;100150;166.54;80;10107391040;B
20240412;100150;166.54;720;10107391041;B
20240412;100150;166.55;700;10107391042;B
20240412;100150;166.53;50;10107391103;S
20240412;100150;166.55;40;10107391122;B
20240412;100151;166.53;60;10107391203;S
20240412;100152;166.55;10;10107391486;B
20240412;100153;166.54;120;10107391619;S
20240412;100153;166.53;200;10107391620;S
20240412;100153;166.53;500;10107391621;S
20240412;100153;166.56;30;10107391693;B
20240412;100154;166.57;70;10107391737;B
20240412;100154;166.57;10;10107391851;B
20240412;100154;166.57;280;10107391852;B
20240412;100154;166.57;10;10107391869;B
20240412;100155;166.55;10;10107391965;S
20240412;100155;166.54;40;10107391966;S
20240412;100155;166.54;100;10107392111;S
20240412;100156;166.57;1000;10107392311;B
20240412;100156;166.58;10;10107392326;B
20240412;100157;166.54;20;10107392436;S
20240412;100157;166.54;210;10107392506;S
20240412;100157;166.53;590;10107392507;S
20240412;100157;166.53;200;10107392508;S
20240412;100158;166.54;1090;10107392528;S
20240412;100158;166.54;180;10107392529;S
20240412;100158;166.53;520;10107392530;S
20240412;100158;166.53;300;10107392531;S
20240412;100158;166.52;910;10107392532;S
20240412;100158;166.55;20;10107392577;B
20240412;100159;166.53;10;10107392709;S
20240412;100159;166.53;300;10107392710;S
20240412;100159;166.52;11690;10107392711;S
20240412;100159;166.52;200;10107392741;S
20240412;100200;166.54;10;10107393014;B
20240412;100200;166.54;10;10107393037;B
20240412;100200;166.54;20;10107393054;B
20240412;100200;166.52;18410;10107393058;S
20240412;100200;166.52;25010;10107393059;S
20240412;100200;166.52;8320;10107393125;S
20240412;100200;166.52;38960;10107393126;S
20240412;100200;166.52;200;10107393127;S
20240412;100201;166.53;10;10107393195;B
20240412;100201;166.52;500;10107393202;S
20240412;100201;166.52;200;10107393226;S
20240412;100201;166.52;15690;10107393228;S
20240412;100201;166.52;950;10107393229;S
20240412;100201;166.52;1360;10107393230;S
20240412;100201;166.52;200;10107393231;S
20240412;100201;166.52;10000;10107393239;S
20240412;100201;166.53;600;10107393256;B
20240412;100201;166.53;820;10107393266;B
20240412;100201;166.53;170;10107393267;B
20240412;100201;166.53;110;10107393312;B
20240412;100202;166.52;300;10107393314;S
20240412;100202;166.53;10;10107393419;B
20240412;100202;166.53;50;10107393434;B
20240412;100202;166.52;500;10107393436;S
20240412;100205;166.52;2000;10107394130;S
20240412;100205;166.53;200;10107394245;B
20240412;100205;166.53;150;10107394270;B
20240412;100207;166.52;180;10107394708;S
20240412;100207;166.52;6000;10107394774;S
20240412;100207;166.52;60;10107394784;S
20240412;100208;166.53;500;10107395052;B
20240412;100208;166.53;20;10107395053;B
20240412;100208;166.53;180;10107395054;B
20240412;100209;166.52;500;10107395186;S
20240412;100211;166.53;20;10107395650;B
20240412;100211;166.53;160;10107395651;B
20240412;100211;166.52;1120;10107395724;S
20240412;100211;166.52;10;10107395725;S
20240412;100211;166.52;70;10107395726;S
20240412;100211;166.52;1930;10107395822;S
20240412;100211;166.52;100;10107395823;S
20240412;100211;166.52;50;10107395824;S
20240412;100211;166.52;90;10107395825;S
20240412;100211;166.52;80;10107395826;S
20240412;100211;166.52;2000;10107395827;S
20240412;100211;166.52;6000;10107395828;S
20240412;100211;166.52;3000;10107395829;S
20240412;100211;166.52;10;10107395830;S
20240412;100211;166.52;40;10107395831;S
20240412;100211;166.51;3000;10107395832;S
20240412;100211;166.51;50;10107395833;S
20240412;100211;166.51;10;10107395834;S
20240412;100211;166.51;2000;10107395835;S
20240412;100211;166.51;720;10107395836;S
20240412;100211;166.51;5000;10107395837;S
20240412;100211;166.51;3700;10107395838;S
20240412;100211;166.5;9710;10107395839;S
20240412;100211;166.5;160;10107395840;S
20240412;100211;166.5;200;10107395841;S
20240412;100211;166.5;1000;10107395842;S
20240412;100211;166.5;300;10107395843;S
20240412;100211;166.5;250;10107395844;S
20240412;100211;166.5;10000;10107395845;S
20240412;100211;166.5;10;10107395846;S
20240412;100211;166.5;10;10107395847;S
20240412;100211;166.5;10;10107395848;S
20240412;100211;166.5;10;10107395849;S
20240412;100211;166.5;10;10107395850;S
20240412;100211;166.5;10;10107395851;S
20240412;100211;166.5;1650;10107395852;S
20240412;100211;166.5;10;10107395853;S
20240412;100211;166.5;10;10107395854;S
20240412;100211;166.5;10;10107395855;S
20240412;100211;166.5;10;10107395856;S
20240412;100211;166.5;300;10107395857;S
20240412;100211;166.5;2010;10107395858;S
20240412;100211;166.5;10;10107395859;S
20240412;100211;166.5;10;10107395860;S
20240412;100211;166.5;10;10107395861;S
20240412;100211;166.5;10;10107395862;S
20240412;100211;166.5;10;10107395863;S
20240412;100211;166.5;30;10107395864;S
20240412;100211;166.5;50;10107395865;S
20240412;100211;166.5;30;10107395866;S
20240412;100211;166.5;26510;10107395867;S
20240412;100211;166.5;100;10107395868;S
20240412;100211;166.49;820;10107395869;S
20240412;100211;166.48;140;10107395870;S
20240412;100211;166.48;200;10107395871;S
20240412;100211;166.48;1000;10107395872;S
20240412;100211;166.48;300;10107395873;S
20240412;100211;166.47;1000;10107395874;S
20240412;100211;166.47;1890;10107395875;S
20240412;100211;166.46;1000;10107395876;S
20240412;100211;166.46;2000;10107395877;S
20240412;100211;166.46;210;10107395878;S
20240412;100211;166.45;1000;10107395879;S
20240412;100211;166.45;210;10107395880;S
20240412;100211;166.45;10;10107395881;S
20240412;100211;166.44;2000;10107395882;S
20240412;100211;166.44;3000;10107395883;S
20240412;100211;166.44;1000;10107395884;S
20240412;100211;166.44;210;10107395885;S
20240412;100211;166.44;600;10107395886;S
20240412;100211;166.44;800;10107395887;S
20240412;100211;166.43;30;10107395888;S
20240412;100211;166.43;1000;10107395889;S
20240412;100211;166.43;210;10107395890;S
20240412;100211;166.42;1000;10107395891;S
20240412;100211;166.42;140;10107395892;S
20240412;100211;166.43;60;10107395904;S
20240412;100211;166.43;140;10107395906;S
20240412;100212;166.43;20;10107395911;S
20240412;100212;166.43;50;10107395947;S
20240412;100212;166.5;300;10107395979;B
20240412;100212;166.5;40;10107395980;B
20240412;100212;166.42;2860;10107396079;S
20240412;100212;166.42;90;10107396080;S
20240412;100212;166.41;50;10107396081;S
20240412;100212;166.41;60;10107396084;S
20240412;100212;166.41;100;10107396093;S
20240412;100212;166.41;40;10107396094;S
20240412;100212;166.42;300;10107396098;B
20240412;100212;166.41;1000;10107396099;S
20240412;100212;166.43;300;10107396116;B
20240412;100212;166.44;700;10107396117;B
20240412;100212;166.41;100;10107396140;S
20240412;100213;166.42;200;10107396296;S
20240412;100213;166.41;1300;10107396297;S
20240412;100214;166.43;10;10107396401;B
20240412;100214;166.41;10;10107396555;S
20240412;100214;166.41;10;10107396566;S
20240412;100216;166.43;20;10107396865;B
20240412;100216;166.43;270;10107396900;B
20240412;100216;166.43;230;10107396901;B
20240412;100217;166.43;160;10107397400;B
20240412;100218;166.43;20;10107397448;B
20240412;100218;166.41;860;10107397692;S
20240412;100218;166.4;140;10107397693;S
20240412;100218;166.43;100;10107397731;B
20240412;100219;166.4;260;10107397750;S
20240412;100219;166.4;920;10107397751;S
20240412;100219;166.4;100;10107397752;S
20240412;100219;166.39;1120;10107397753;S
20240412;100219;166.39;10;10107397754;S
20240412;100219;166.44;100;10107397770;B
20240412;100219;166.44;100;10107397792;B
20240412;100219;166.44;100;10107397827;B
20240412;100219;166.44;100;10107397854;B
20240412;100219;166.44;100;10107397884;B
20240412;100219;166.44;80;10107397904;B
20240412;100219;166.39;10;10107398000;S
20240412;100221;166.39;20;10107398349;S
20240412;100222;166.39;10;10107398516;S
20240412;100222;166.44;10;10107398610;B
20240412;100223;166.43;500;10107398838;S
20240412;100224;166.39;250;10107398881;S
20240412;100224;166.4;80;10107398909;B
20240412;100224;166.41;1000;10107398910;B
20240412;100225;166.41;600;10107399036;B
20240412;100225;166.4;20;10107399105;S
20240412;100226;166.41;20;10107399352;B
20240412;100227;166.4;80;10107399445;S
20240412;100227;166.4;3830;10107399492;B
20240412;100227;166.41;16480;10107399493;B
20240412;100227;166.41;840;10107399494;B
20240412;100227;166.44;820;10107399495;B
20240412;100227;166.44;300;10107399496;B
20240412;100227;166.44;1000;10107399497;B
20240412;100227;166.45;18930;10107399498;B
20240412;100227;166.45;40;10107399504;B
20240412;100227;166.44;260;10107399571;S
20240412;100229;166.44;20;10107399991;S
20240412;100229;166.44;20;10107400013;S
20240412;100229;166.44;30;10107400014;S
20240412;100231;166.45;10;10107400229;B
20240412;100232;166.44;20;10107400511;S
20240412;100233;166.45;10;10107400797;B
20240412;100233;166.44;10;10107400820;S
20240412;100233;166.44;270;10107400940;S
20240412;100233;166.44;730;10107400941;S
20240412;100233;166.45;10;10107400943;B
20240412;100234;166.45;10;10107401080;B
20240412;100235;166.45;10;10107401330;B
20240412;100235;166.44;200;10107401343;S
20240412;100236;166.44;160;10107401478;S
20240412;100237;166.45;50;10107401701;B
20240412;100237;166.44;360;10107401714;S
20240412;100237;166.44;30;10107401752;S
20240412;100237;166.45;300;10107401787;B
20240412;100238;166.45;20;10107401836;B
20240412;100238;166.44;10;10107401999;S
20240412;100239;166.45;30;10107402085;B
20240412;100239;166.45;80;10107402112;B
20240412;100239;166.44;3610;10107402155;S
20240412;100239;166.44;1000;10107402156;S
20240412;100239;166.44;300;10107402157;S
20240412;100240;166.44;10;10107402218;B
20240412;100240;166.44;50;10107402297;B
20240412;100241;166.44;100;10107402500;B
20240412;100242;166.43;100;10107402719;S
20240412;100242;166.43;820;10107402720;S
20240412;100242;166.42;50;10107402721;S
20240412;100242;166.42;30;10107402722;S
20240412;100243;166.42;2470;10107403043;S
20240412;100243;166.41;1000;10107403044;S
20240412;100243;166.41;530;10107403045;S
20240412;100244;166.43;10;10107403286;B
20240412;100246;166.41;2500;10107403664;S
20240412;100246;166.41;20;10107403665;S
20240412;100246;166.4;2000;10107403666;S
20240412;100246;166.4;450;10107403667;S
20240412;100246;166.4;250;10107403668;S
20240412;100246;166.4;10000;10107403669;S
20240412;100246;166.4;80;10107403670;S
20240412;100246;166.39;910;10107403729;S
20240412;100246;166.39;90;10107403730;S
20240412;100247;166.39;300;10107403983;B
20240412;100247;166.39;820;10107403984;B
20240412;100247;166.39;550;10107403985;B
20240412;100248;166.38;400;10107404025;S
20240412;100248;166.38;300;10107404026;S
20240412;100248;166.37;380;10107404027;S
20240412;100248;166.37;690;10107404078;S
20240412;100248;166.37;1310;10107404079;S
20240412;100248;166.37;1200;10107404190;S
20240412;100249;166.39;90;10107404272;B
20240412;100249;166.39;10;10107404345;B
20240412;100250;166.39;590;10107404552;B
20240412;100252;166.38;200;10107404769;S
20240412;100252;166.39;90;10107404882;B
20240412;100252;166.38;20;10107404912;S
20240412;100253;166.4;40;10107405037;B
20240412;100255;166.38;80;10107405281;S
20240412;100255;166.38;420;10107405282;S
20240412;100256;166.38;10;10107405545;S
20240412;100256;166.38;10;10107405580;S
20240412;100257;166.39;810;10107405674;B
20240412;100257;166.4;4660;10107405685;B
20240412;100257;166.4;1000;10107405686;B
20240412;100257;166.4;100;10107405687;B
20240412;100257;166.4;10;10107405688;B
20240412;100257;166.4;100;10107405689;B
20240412;100257;166.41;5000;10107405690;B
20240412;100257;166.41;810;10107405691;B
20240412;100257;166.42;300;10107405692;B
20240412;100257;166.43;600;10107405922;S
20240412;100257;166.44;10;10107405930;B
20240412;100258;166.43;500;10107406136;S
20240412;100258;166.44;1500;10107406181;B
20240412;100259;166.43;500;10107406409;S
20240412;100259;166.43;550;10107406410;S
20240412;100300;166.43;10;10107406472;B
20240412;100300;166.42;50;10107406539;S
20240412;100300;166.43;300;10107406637;B
20240412;100301;166.42;200;10107406675;S
20240412;100301;166.42;1000;10107406775;S
20240412;100301;166.43;10;10107406831;B
20240412;100302;166.42;1770;10107406994;S
20240412;100302;166.42;800;10107406995;S
20240412;100302;166.41;2500;10107406996;S
20240412;100302;166.41;300;10107406997;S
20240412;100302;166.39;1190;10107406998;S
20240412;100302;166.39;30;10107406999;S
20240412;100302;166.39;20;10107407000;S
20240412;100302;166.38;10;10107407001;S
20240412;100302;166.38;820;10107407002;S
20240412;100302;166.37;2490;10107407003;S
20240412;100302;166.37;6280;10107407004;S
20240412;100302;166.37;210;10107407005;S
20240412;100302;166.37;2500;10107407006;S
20240412;100302;166.36;1380;10107407007;S
20240412;100302;166.36;160;10107407008;S
20240412;100302;166.36;3000;10107407009;S
20240412;100302;166.36;2700;10107407010;S
20240412;100302;166.36;210;10107407011;S
20240412;100302;166.36;2000;10107407012;S
20240412;100302;166.36;10;10107407013;S
20240412;100302;166.36;2000;10107407014;S
20240412;100302;166.36;4500;10107407015;S
20240412;100302;166.36;1000;10107407016;S
20240412;100302;166.36;1090;10107407017;S
20240412;100302;166.35;400;10107407018;S
20240412;100302;166.35;500;10107407019;S
20240412;100302;166.35;500;10107407020;S
20240412;100302;166.35;41630;10107407021;S
20240412;100305;166.38;10;10107407625;B
20240412;100305;166.39;130;10107407645;B
20240412;100305;166.39;10;10107407691;B
20240412;100305;166.38;10;10107407755;S
20240412;100305;166.36;100;10107407756;S
20240412;100305;166.36;790;10107407757;S
20240412;100305;166.35;830;10107407758;S
20240412;100307;166.35;200;10107408091;S
20240412;100307;166.35;90;10107408134;S
20240412;100308;166.35;1000;10107408325;S
20240412;100312;166.36;20;10107409001;B
20240412;100312;166.4;40;10107409076;B
20240412;100312;166.4;50;10107409105;B
20240412;100313;166.39;200;10107409429;S
20240412;100313;166.39;200;10107409482;S
20240412;100313;166.39;500;10107409483;S
20240412;100313;166.38;450;10107409484;S
20240412;100313;166.38;300;10107409485;S
20240412;100313;166.37;770;10107409486;S
20240412;100313;166.36;1480;10107409487;S
20240412;100313;166.35;6250;10107409488;S
20240412;100313;166.35;50;10107409489;S
20240412;100313;166.39;10;10107409627;S
20240412;100314;166.4;10;10107409751;B
20240412;100314;166.4;20;10107409797;B
20240412;100315;166.4;880;10107409981;B
20240412;100315;166.42;100;10107410065;B
20240412;100315;166.42;400;10107410066;B
20240412;100315;166.42;70;10107410070;S
20240412;100316;166.43;100;10107410137;B
20240412;100317;166.43;300;10107410304;B
20240412;100317;166.44;1200;10107410305;B
20240412;100317;166.44;40;10107410363;B
20240412;100317;166.42;60;10107410393;S
20240412;100320;166.44;1980;10107410752;B
20240412;100320;166.44;80;10107410753;B
20240412;100320;166.44;300;10107410754;B
20240412;100320;166.44;10;10107410755;B
20240412;100320;166.44;10;10107410756;B
20240412;100320;166.45;120;10107410757;B
20240412;100320;166.43;240;10107410842;S
20240412;100320;166.43;790;10107410843;S
20240412;100320;166.42;750;10107410844;S
20240412;100320;166.42;300;10107410845;S
20240412;100320;166.41;1840;10107410846;S
20240412;100321;166.45;10;10107411019;B
20240412;100322;166.43;70;10107411093;S
20240412;100323;166.45;370;10107411299;B
20240412;100323;166.45;100;10107411300;B
20240412;100324;166.45;90;10107411406;B
20240412;100324;166.45;910;10107411407;B
20240412;100326;166.43;130;10107411923;S
20240412;100326;166.43;1090;10107411924;S
20240412;100326;166.43;300;10107411925;S
20240412;100326;166.43;2070;10107411926;S
20240412;100326;166.42;10;10107411927;S
20240412;100326;166.42;750;10107411928;S
20240412;100326;166.42;1660;10107411929;S
20240412;100326;166.45;200;10107411967;B
20240412;100327;166.45;10;10107412026;B
20240412;100327;166.45;10;10107412032;B
20240412;100327;166.45;870;10107412055;B
20240412;100327;166.45;10;10107412056;B
20240412;100327;166.45;200;10107412057;B
20240412;100327;166.45;500;10107412058;B
20240412;100327;166.45;10;10107412059;B
20240412;100327;166.45;100;10107412060;B
20240412;100327;166.45;740;10107412061;B
20240412;100327;166.47;5740;10107412062;B
20240412;100327;166.48;300;10107412063;B
20240412;100327;166.49;100;10107412064;B
20240412;100327;166.49;10;10107412065;B
20240412;100327;166.49;1000;10107412066;B
20240412;100327;166.5;140;10107412067;B
20240412;100327;166.5;10;10107412068;B
20240412;100327;166.5;270;10107412069;B
20240412;100327;166.49;100;10107412123;B
20240412;100328;166.49;10;10107412163;B
20240412;100328;166.49;350;10107412324;B
20240412;100329;166.5;230;10107412388;B
20240412;100329;166.5;20;10107412389;B
20240412;100329;166.5;110;10107412390;B
20240412;100329;166.5;10;10107412391;B
20240412;100329;166.5;200;10107412392;B
20240412;100329;166.5;100;10107412393;B
20240412;100329;166.5;730;10107412394;B
20240412;100329;166.5;10;10107412481;B
20240412;100331;166.5;2260;10107412765;B
20240412;100331;166.5;740;10107412766;B
20240412;100331;166.51;10;10107412767;B
20240412;100331;166.52;1500;10107412768;B
20240412;100331;166.52;500;10107412769;B
20240412;100331;166.52;1890;10107412770;B
20240412;100331;166.53;10;10107412771;B
20240412;100331;166.53;10;10107412772;B
20240412;100331;166.53;1000;10107412773;B
20240412;100331;166.54;1000;10107412774;B
20240412;100331;166.55;120;10107412775;B
20240412;100331;166.55;50;10107412776;B
20240412;100331;166.55;10;10107412777;B
20240412;100331;166.55;10;10107412778;B
20240412;100331;166.55;890;10107412779;B
20240412;100331;166.55;100;10107412809;B
20240412;100331;166.55;10;10107412810;B
20240412;100331;166.56;100;10107412811;B
20240412;100331;166.56;90;10107412812;B
20240412;100331;166.56;400;10107412911;B
20240412;100332;166.57;10;10107412930;B
20240412;100332;166.58;390;10107412931;B
20240412;100334;166.58;500;10107413303;B
20240412;100335;166.58;1300;10107413461;B
20240412;100335;166.56;500;10107413463;S
20240412;100335;166.58;70;10107413465;B
20240412;100335;166.59;210;10107413466;B
20240412;100335;166.59;100;10107413467;B
20240412;100335;166.59;220;10107413468;B
20240412;100335;166.59;9780;10107413511;B
20240412;100335;166.59;220;10107413512;B
20240412;100335;166.56;10;10107413513;S
20240412;100335;166.59;400;10107413533;B
20240412;100335;166.56;100;10107413538;S
20240412;100335;166.6;400;10107413577;B
20240412;100337;166.6;650;10107413888;B
20240412;100337;166.6;100;10107413889;B
20240412;100337;166.6;50;10107413890;B
20240412;100337;166.6;300;10107413891;B
20240412;100337;166.6;50;10107413892;B
20240412;100337;166.6;100;10107413893;B
20240412;100337;166.6;210;10107413894;B
20240412;100337;166.6;10;10107413895;B
20240412;100337;166.6;10;10107413896;B
20240412;100337;166.61;210;10107413897;B
20240412;100337;166.62;30;10107413898;B
20240412;100337;166.62;210;10107413899;B
20240412;100337;166.62;1890;10107413900;B
20240412;100337;166.63;6600;10107413901;B
20240412;100337;166.63;10;10107413902;B
20240412;100337;166.63;10;10107413903;B
20240412;100337;166.63;210;10107413904;B
20240412;100337;166.63;1000;10107413905;B
20240412;100337;166.64;210;10107413906;B
20240412;100337;166.64;1000;10107413907;B
20240412;100337;166.64;780;10107413908;B
20240412;100337;166.64;3160;10107413909;B
20240412;100337;166.65;10;10107413910;B
20240412;100337;166.65;50;10107413911;B
20240412;100337;166.65;19000;10107413912;B
20240412;100337;166.65;10;10107413913;B
20240412;100337;166.65;210;10107413914;B
20240412;100337;166.65;1000;10107413915;B
20240412;100337;166.65;8000;10107413916;B
20240412;100337;166.65;300;10107413917;B
20240412;100337;166.66;130;10107413918;B
20240412;100337;166.66;750;10107413919;B
20240412;100337;166.66;1000;10107413920;B
20240412;100337;166.66;210;10107413921;B
20240412;100337;166.66;100;10107413922;B
20240412;100337;166.67;1000;10107413923;B
20240412;100337;166.67;210;10107413924;B
20240412;100337;166.67;800;10107413925;B
20240412;100337;166.67;820;10107413926;B
20240412;100337;166.67;600;10107413927;B
20240412;100337;166.68;290;10107413928;B
20240412;100337;166.68;1000;10107413929;B
20240412;100337;166.68;210;10107413930;B
20240412;100337;166.69;100;10107413931;B
20240412;100337;166.69;3000;10107413932;B
20240412;100337;166.69;890;10107413933;B
20240412;100337;166.69;3000;10107413934;B
20240412;100337;166.69;10;10107413935;B
20240412;100337;166.69;100;10107413936;B
20240412;100337;166.69;400;10107413937;B
20240412;100338;166.69;210;10107414001;B
20240412;100338;166.69;790;10107414002;B
20240412;100338;166.69;210;10107414194;B
20240412;100338;166.7;190;10107414195;B
20240412;100338;166.69;210;10107414269;B
20240412;100338;166.7;190;10107414270;B
20240412;100339;166.68;10;10107414274;S
20240412;100340;166.69;210;10107414526;B
20240412;100340;166.69;380;10107414527;B
20240412;100340;166.69;210;10107414546;B
20240412;100342;166.69;60;10107414706;S
20240412;100343;166.69;100;10107414986;S
20240412;100343;166.69;100;10107414998;S
20240412;100343;166.69;500;10107415008;S
20240412;100344;166.69;3020;10107415110;S
20240412;100344;166.69;400;10107415111;S
20240412;100344;166.68;20;10107415112;S
20240412;100344;166.67;690;10107415113;S
20240412;100344;166.66;2360;10107415114;S
20240412;100344;166.66;300;10107415115;S
20240412;100344;166.65;820;10107415116;S
20240412;100344;166.63;300;10107415117;S
20240412;100344;166.63;1090;10107415118;S
20240412;100344;166.62;1000;10107415119;S
20240412;100345;166.66;10;10107415311;B
20240412;100345;166.66;300;10107415312;B
20240412;100345;166.67;890;10107415313;B
20240412;100345;166.67;10;10107415348;B
20240412;100345;166.62;200;10107415363;S
20240412;100347;166.6;3000;10107415536;S
20240412;100347;166.59;680;10107415537;S
20240412;100347;166.59;300;10107415538;S
20240412;100347;166.58;1020;10107415539;S
20240412;100347;166.57;60;10107415569;S
20240412;100349;166.62;20;10107415948;B
20240412;100350;166.59;10;10107416197;S
20240412;100350;166.54;190;10107416198;S
20240412;100350;166.59;50;10107416254;B
20240412;100351;166.57;300;10107416363;B
20240412;100352;166.57;300;10107416426;B
20240412;100352;166.58;1090;10107416427;B
20240412;100352;166.58;1510;10107416428;B
20240412;100352;166.58;670;10107416429;B
20240412;100352;166.59;5500;10107416430;B
20240412;100352;166.6;930;10107416431;B
20240412;100352;166.58;250;10107416520;B
20240412;100352;166.58;10;10107416525;B
20240412;100354;166.53;300;10107416765;S
20240412;100354;166.53;1200;10107416766;S
20240412;100355;166.58;10;10107416905;B
20240412;100356;166.58;10;10107416941;B
20240412;100356;166.53;20;10107417019;S
20240412;100356;166.53;100;10107417064;S
20240412;100357;166.58;50;10107417221;B
20240412;100357;166.58;20;10107417228;B
20240412;100357;166.58;30;10107417279;B
20240412;100359;166.59;10;10107417584;B
20240412;100402;166.57;400;10107418016;S
20240412;100402;166.57;50;10107418017;S
20240412;100402;166.57;300;10107418018;S
20240412;100402;166.57;250;10107418019;S
20240412;100403;166.58;200;10107418169;B
20240412;100403;166.58;400;10107418191;B
20240412;100403;166.59;500;10107418211;B
20240412;100403;166.59;1510;10107418212;B
20240412;100403;166.59;1090;10107418213;B
20240412;100403;166.6;20;10107418214;B
20240412;100403;166.6;6880;10107418215;B
20240412;100404;166.6;160;10107418435;B
20240412;100404;166.59;10;10107418498;B
20240412;100404;166.57;10;10107418506;S
20240412;100404;166.58;20;10107418532;S
20240412;100405;166.58;50;10107418576;S
20240412;100406;166.59;50;10107418773;B
20240412;100406;166.59;2450;10107418774;B
20240412;100406;166.58;530;10107418825;S
20240412;100406;166.58;650;10107418826;S
20240412;100406;166.58;720;10107418827;S
20240412;100410;166.59;20;10107419325;B
20240412;100411;166.59;310;10107419447;B
20240412;100411;166.6;960;10107419448;B
20240412;100411;166.59;10;10107419459;S
20240412;100412;166.59;20;10107419575;S
20240412;100414;166.6;10;10107419957;B
20240412;100414;166.59;10;10107419996;S
20240412;100415;166.6;430;10107420003;B
20240412;100415;166.6;50;10107420065;B
20240412;100416;166.59;10;10107420135;S
20240412;100417;166.6;200;10107420264;B
20240412;100418;166.6;10;10107420461;B
20240412;100419;166.59;640;10107420540;S
20240412;100419;166.58;260;10107420541;S
20240412;100419;166.58;20;10107420597;S
20240412;100419;166.58;200;10107420598;S
20240412;100419;166.58;10;10107420637;B
20240412;100421;166.58;10;10107420879;B
20240412;100421;166.58;100;10107420904;B
20240412;100422;166.57;10;10107421145;S
20240412;100422;166.57;1890;10107421146;S
20240412;100422;166.57;300;10107421147;S
20240412;100422;166.56;10;10107421148;S
20240412;100422;166.56;2190;10107421149;S
20240412;100422;166.56;600;10107421150;S
20240412;100423;166.56;10;10107421194;S
20240412;100423;166.58;100;10107421295;B
20240412;100425;166.58;70;10107421632;B
20240412;100425;166.58;640;10107421633;B
20240412;100425;166.59;90;10107421634;B
20240412;100426;166.59;10;10107421836;B
20240412;100428;166.57;30;10107421977;S
20240412;100428;166.59;60;10107422042;B
20240412;100428;166.59;10;10107422043;B
20240412;100428;166.59;250;10107422044;B
20240412;100428;166.59;10;10107422045;B
20240412;100428;166.6;1300;10107422046;B
20240412;100428;166.6;370;10107422047;B
20240412;100428;166.6;130;10107422069;B
20240412;100428;166.6;10;10107422070;B
20240412;100428;166.6;10;10107422071;B
20240412;100428;166.6;50;10107422072;B
20240412;100429;166.6;10;10107422298;B
20240412;100430;166.58;400;10107422449;S
20240412;100430;166.6;30;10107422457;B
20240412;100430;166.58;690;10107422470;S
20240412;100430;166.58;1810;10107422471;S
20240412;100431;166.59;30;10107422641;B
20240412;100432;166.58;70;10107422735;S
20240412;100433;166.58;200;10107422822;S
20240412;100433;166.59;330;10107422917;B
20240412;100435;166.58;30;10107423118;S
20240412;100436;166.58;10;10107423335;B
20240412;100437;166.57;20;10107423385;S
20240412;100437;166.58;40;10107423410;B
20240412;100437;166.58;100;10107423483;B
20240412;100437;166.57;150;10107423511;S
20240412;100439;166.58;1000;10107423748;B
20240412;100439;166.58;30;10107423772;B
20240412;100439;166.58;3330;10107423820;B
20240412;100441;166.57;10;10107424046;S
20240412;100441;166.58;350;10107424077;B
20240412;100442;166.57;10;10107424209;S
20240412;100442;166.58;10;10107424215;B
20240412;100443;166.58;500;10107424429;B
20240412;100443;166.57;310;10107424454;S
20240412;100443;166.57;690;10107424455;S
20240412;100444;166.57;500;10107424469;S
20240412;100446;166.57;420;10107424870;S
20240412;100446;166.57;1000;10107424871;S
20240412;100446;166.57;200;10107424872;S
20240412;100446;166.57;10;10107424880;B
20240412;100447;166.57;240;10107425110;B
20240412;100448;166.57;30;10107425141;B
20240412;100448;166.56;900;10107425158;S
20240412;100450;166.55;10;10107425391;S
20240412;100450;166.55;40;10107425392;S
20240412;100450;166.56;150;10107425455;B
20240412;100450;166.56;120;10107425477;B
20240412;100450;166.56;20;10107425538;B
20240412;100450;166.56;20;10107425566;B
20240412;100451;166.55;210;10107425589;S
20240412;100451;166.55;290;10107425590;S
20240412;100455;166.56;10;10107426401;B
20240412;100457;166.56;50;10107426592;B
20240412;100458;166.55;200;10107426719;S
20240412;100458;166.56;60;10107426757;B
20240412;100459;166.55;50;10107426983;S
20240412;100459;166.56;50;10107427005;B
20240412;100500;166.55;10;10107427102;S
20240412;100500;166.55;10;10107427137;S
20240412;100500;166.56;150;10107427183;B
20240412;100501;166.55;30;10107427357;S
20240412;100501;166.55;60;10107427403;S
20240412;100502;166.56;40;10107427679;B
20240412;100502;166.56;260;10107427680;B
20240412;100502;166.56;340;10107427681;B
20240412;100502;166.56;160;10107427682;B
20240412;100502;166.56;30;10107427712;B
20240412;100502;166.56;10;10107427723;B
20240412;100504;166.56;460;10107428020;B
20240412;100504;166.57;100;10107428021;B
20240412;100504;166.57;500;10107428022;B
20240412;100504;166.57;10;10107428023;B
20240412;100504;166.57;930;10107428024;B
20240412;100504;166.56;20;10107428037;S
20240412;100504;166.56;280;10107428061;S
20240412;100504;166.56;220;10107428062;S
20240412;100505;166.57;40;10107428149;B
20240412;100506;166.56;380;10107428234;S
20240412;100509;166.57;30;10107428727;B
20240412;100509;166.57;20;10107428728;B
20240412;100509;166.56;1520;10107428760;S
20240412;100509;166.56;2500;10107428761;S
20240412;100509;166.56;1090;10107428762;S
20240412;100509;166.56;300;10107428763;S
20240412;100509;166.56;300;10107428764;S
20240412;100509;166.55;290;10107428765;S
20240412;100510;166.57;10;10107429126;B
20240412;100511;166.57;70;10107429195;B
20240412;100511;166.57;50;10107429196;B
20240412;100511;166.57;1090;10107429197;B
20240412;100513;166.58;10;10107429578;B
20240412;100513;166.58;40;10107429579;B
20240412;100513;166.58;10;10107429588;B
20240412;100514;166.58;30;10107429733;B
20240412;100515;166.58;10;10107429848;B
20240412;100515;166.58;50;10107429926;B
20240412;100516;166.57;100;10107430055;S
20240412;100517;166.58;20;10107430219;B
20240412;100518;166.58;130;10107430300;B
20240412;100518;166.57;990;10107430369;S
20240412;100518;166.57;300;10107430370;S
20240412;100518;166.56;2500;10107430371;S
20240412;100518;166.56;1000;10107430372;S
20240412;100518;166.56;40;10107430373;S
20240412;100518;166.56;200;10107430374;S
20240412;100518;166.56;570;10107430375;S
20240412;100518;166.56;1940;10107430376;S
20240412;100518;166.55;2000;10107430377;S
20240412;100518;166.55;200;10107430378;S
20240412;100518;166.55;260;10107430402;B
20240412;100518;166.56;570;10107430403;B
20240412;100518;166.57;170;10107430404;B
20240412;100520;166.54;20;10107430678;S
20240412;100520;166.56;60;10107430746;S
20240412;100522;166.56;40;10107431163;S
20240412;100522;166.55;710;10107431164;S
20240412;100523;166.57;20;10107431354;B
20240412;100523;166.57;10;10107431355;B
20240412;100524;166.57;100;10107431530;B
20240412;100524;166.57;20;10107431557;B
20240412;100527;166.57;20;10107432334;B
20240412;100528;166.55;120;10107432484;S
20240412;100528;166.57;160;10107432516;B
20240412;100530;166.57;100;10107432738;B
20240412;100530;166.57;400;10107432791;B
20240412;100530;166.57;100;10107432792;B
20240412;100530;166.57;500;10107432793;B
20240412;100531;166.57;5000;10107432829;B
20240412;100533;166.57;1090;10107433275;S
20240412;100533;166.56;410;10107433276;S
20240412;100534;166.57;400;10107433534;S
20240412;100537;166.57;50;10107433998;S
20240412;100537;166.57;150;10107433999;S
20240412;100537;166.57;100;10107434000;S
20240412;100537;166.56;90;10107434001;S
20240412;100537;166.56;340;10107434002;S
20240412;100537;166.55;30;10107434110;S
20240412;100538;166.55;20;10107434158;S
20240412;100538;166.55;10;10107434182;S
20240412;100538;166.55;60;10107434184;S
20240412;100539;166.55;10;10107434330;S
20240412;100539;166.55;1000;10107434380;S
20240412;100540;166.58;200;10107434502;B
20240412;100541;166.54;1000;10107434755;S
20240412;100542;166.58;30;10107434792;B
20240412;100544;166.55;100;10107435179;S
20240412;100545;166.56;30;10107435380;B
20240412;100547;166.56;10;10107435681;B
20240412;100547;166.55;180;10107435682;S
20240412;100548;166.55;10;10107435841;B
20240412;100548;166.56;130;10107435842;B
20240412;100549;166.54;20;10107435945;S
20240412;100550;166.56;330;10107436040;B
20240412;100550;166.56;550;10107436041;B
20240412;100550;166.56;1000;10107436042;B
20240412;100550;166.57;820;10107436043;B
20240412;100550;166.57;20;10107436044;B
20240412;100550;166.57;60;10107436045;B
20240412;100550;166.58;2960;10107436046;B
20240412;100550;166.58;100;10107436047;B
20240412;100550;166.58;10;10107436048;B
20240412;100550;166.58;4900;10107436049;B
20240412;100550;166.58;10;10107436050;B
20240412;100550;166.58;300;10107436051;B
20240412;100550;166.59;1640;10107436052;B
20240412;100550;166.59;10;10107436053;B
20240412;100550;166.59;1200;10107436054;B
20240412;100550;166.59;250;10107436055;B
20240412;100550;166.59;5840;10107436056;B
20240412;100550;166.58;500;10107436133;B
