<DATE>;<TIME>;<LAST>;<VOL>;<ID>;<OPER>
20240123;095931;166.490000000;20;9454369660;S
20240123;095931;166.490000000;80;9454369661;S
20240123;095931;166.490000000;60;9454369662;S
20240123;095931;166.490000000;10;9454369663;S
20240123;095931;166.490000000;10;9454369664;S
20240123;095931;166.490000000;20;9454369665;S
20240123;095931;166.490000000;10;9454369666;S
20240123;095931;166.490000000;20;9454369667;S
20240123;095931;166.490000000;80;9454369668;S
20240123;095931;166.490000000;10;9454369669;S
20240123;095931;166.490000000;10;9454369670;S
20240123;095931;166.490000000;20;9454369671;S
20240123;095931;166.490000000;10;9454369672;S
20240123;095931;166.490000000;10;9454369673;S
20240123;095931;166.490000000;10;9454369674;S
20240123;095931;166.490000000;20;9454369675;B
20240123;095931;166.490000000;120;9454369676;S
20240123;095931;166.490000000;1000;9454369677;S
20240123;095931;166.490000000;300;9454369678;S
20240123;095931;166.490000000;20;9454369679;S
20240123;095931;166.490000000;250;9454369680;B
20240123;095931;166.490000000;250;9454369681;B
20240123;095931;166.490000000;10;9454369682;B
20240123;095931;166.490000000;10;9454369683;B
20240123;095931;166.490000000;3040;9454369684;B
20240123;095931;166.490000000;610;9454369685;B
20240123;095931;166.490000000;260;9454369686;B
20240123;095931;166.490000000;150;9454369687;B
20240123;095931;166.490000000;5000;9454369688;S
20240123;095931;166.490000000;2000;9454369689;S
20240123;095931;166.490000000;1020;9454369690;B
20240123;095931;166.490000000;10;9454369691;B
20240123;095931;166.490000000;20;9454369692;B
20240123;095931;166.490000000;10;9454369693;B
20240123;095931;166.490000000;150;9454369694;S
20240123;095931;166.490000000;10;9454369695;S
20240123;095931;166.490000000;300;9454369696;S
20240123;095931;166.490000000;10;9454369697;B
20240123;095931;166.490000000;10;9454369698;B
20240123;095931;166.490000000;250;9454369699;B
20240123;095931;166.490000000;2150;9454369700;B
20240123;095931;166.490000000;20;9454369701;B
20240123;095931;166.490000000;600;9454369702;B
20240123;095931;166.490000000;10;9454369703;B
20240123;095931;166.490000000;260;9454369704;B
20240123;095931;166.490000000;150;9454369705;B
20240123;095931;166.490000000;20;9454369706;B
20240123;095931;166.490000000;10;9454369707;B
20240123;095931;166.490000000;10;9454369708;B
20240123;095931;166.490000000;20;9454369709;B
20240123;095931;166.490000000;30;9454369710;B
20240123;095931;166.490000000;440;9454369711;B
20240123;095931;166.490000000;30;9454369712;B
20240123;095931;166.490000000;10;9454369713;B
20240123;095931;166.490000000;30;9454369714;B
20240123;095931;166.490000000;130;9454369715;B
20240123;095931;166.490000000;10;9454369716;B
20240123;095931;166.490000000;10;9454369717;B
20240123;095931;166.490000000;10;9454369718;B
20240123;095931;166.490000000;10;9454369719;B
20240123;095931;166.490000000;20;9454369720;B
20240123;095931;166.490000000;50;9454369721;S
20240123;095931;166.490000000;10;9454369722;B
20240123;095931;166.490000000;960;9454369723;S
20240123;095931;166.490000000;30;9454369724;S
20240123;095931;166.490000000;30;9454369725;S
20240123;095931;166.490000000;20;9454369726;B
20240123;095931;166.490000000;10;9454369727;S
20240123;095931;166.490000000;20;9454369728;S
20240123;095931;166.490000000;10;9454369729;S
20240123;095931;166.490000000;10;9454369730;S
20240123;095931;166.490000000;10;9454369731;S
20240123;095931;166.490000000;300;9454369732;S
20240123;095931;166.490000000;20;9454369733;S
20240123;095931;166.490000000;10;9454369734;S
20240123;095931;166.490000000;10;9454369735;S
20240123;095931;166.490000000;10;9454369736;S
20240123;095931;166.490000000;20;9454369737;S
20240123;095931;166.490000000;10;9454369738;S
20240123;095931;166.490000000;20;9454369739;S
20240123;095931;166.490000000;20;9454369740;S
20240123;095931;166.490000000;10;9454369741;S
20240123;095931;166.490000000;30;9454369742;S
20240123;095931;166.490000000;50;9454369743;S
20240123;095931;166.490000000;10;9454369744;S
20240123;095931;166.490000000;30;9454369745;S
20240123;095931;166.490000000;30;9454369746;S
20240123;095931;166.490000000;10;9454369747;S
20240123;095931;166.490000000;150;9454369748;S
20240123;095931;166.490000000;30;9454369749;S
20240123;095931;166.490000000;70;9454369750;S
20240123;095931;166.490000000;20;9454369751;S
20240123;095931;166.490000000;30;9454369752;S
20240123;095931;166.490000000;10;9454369753;S
20240123;095931;166.490000000;500;9454369754;S
20240123;095931;166.490000000;60;9454369755;S
20240123;095931;166.490000000;110;9454369756;S
20240123;095931;166.490000000;10;9454369757;S
20240123;095931;166.490000000;10;9454369758;S
20240123;095931;166.490000000;10;9454369759;S
20240123;095931;166.490000000;20;9454369760;S
20240123;095931;166.490000000;20;9454369761;S
20240123;095931;166.490000000;20;9454369762;S
20240123;095931;166.490000000;30;9454369763;S
20240123;095931;166.490000000;10;9454369764;S
20240123;095931;166.490000000;10;9454369765;B
20240123;095931;166.490000000;30;9454369766;S
20240123;095931;166.490000000;30;9454369767;S
20240123;095931;166.490000000;30;9454369768;S
20240123;095931;166.490000000;30;9454369769;S
20240123;095931;166.490000000;30;9454369770;S
20240123;095931;166.490000000;30;9454369771;S
20240123;095931;166.490000000;30;9454369772;S
20240123;095931;166.490000000;30;9454369773;S
20240123;095931;166.490000000;30;9454369774;S
20240123;095931;166.490000000;70;9454369775;S
20240123;095931;166.490000000;20;9454369776;S
20240123;095931;166.490000000;3000;9454369777;S
20240123;095931;166.490000000;3830;9454369778;S
20240123;095931;166.490000000;1170;9454369779;S
20240123;095931;166.490000000;20;9454369780;S
20240123;095931;166.490000000;10;9454369781;B
20240123;095931;166.490000000;2500;9454369782;B
20240123;095931;166.490000000;10;9454369783;S
20240123;095931;166.490000000;10;9454369784;S
20240123;095931;166.490000000;10;9454369785;S
20240123;095931;166.490000000;10;9454369786;S
20240123;095931;166.490000000;10;9454369787;S
20240123;095931;166.490000000;10;9454369788;S
20240123;095931;166.490000000;10;9454369789;S
20240123;095931;166.490000000;370;9454369790;B
20240123;095931;166.490000000;10;9454369791;B
20240123;095931;166.490000000;5000;9454369792;S
20240123;095931;166.490000000;850;9454369793;S
20240123;100002;166.380000000;800;9454380412;S
20240123;100002;166.310000000;210;9454380430;S
20240123;100002;166.310000000;300;9454380431;S
20240123;100002;166.310000000;290;9454380432;S
20240123;100002;166.310000000;210;9454380473;S
20240123;100002;166.310000000;10;9454380474;S
20240123;100003;166.310000000;210;9454381088;S
20240123;100003;166.310000000;1590;9454381089;S
20240123;100003;166.370000000;300;9454381103;B
20240123;100003;166.370000000;20;9454381171;S
20240123;100004;166.450000000;240;9454381710;B
20240123;100005;166.400000000;50;9454382150;B
20240123;100005;166.430000000;50;9454382151;B
20240123;100005;166.400000000;20;9454382300;S
20240123;100005;166.450000000;10;9454382301;B
20240123;100005;166.400000000;10;9454382308;S
20240123;100005;166.440000000;10;9454382309;B
20240123;100005;166.380000000;40;9454382481;S
20240123;100005;166.400000000;10;9454382600;B
20240123;100005;166.380000000;60;9454382601;S
20240123;100005;166.400000000;10;9454382640;B
20240123;100005;166.380000000;10;9454382786;S
20240123;100005;166.400000000;40;9454382787;B
20240123;100005;166.430000000;10;9454382788;B
20240123;100005;166.370000000;10;9454382789;S
20240123;100005;166.420000000;10;9454382790;B
20240123;100006;166.420000000;10;9454382964;B
20240123;100006;166.420000000;10;9454382965;B
20240123;100006;166.420000000;30;9454382966;B
20240123;100006;166.370000000;50;9454383157;S
20240123;100006;166.430000000;10;9454383200;B
20240123;100006;166.430000000;10;9454383222;B
20240123;100006;166.430000000;10;9454383228;B
20240123;100006;166.480000000;20;9454383306;B
20240123;100006;166.380000000;20;9454383315;S
20240123;100006;166.480000000;20;9454383317;B
20240123;100006;166.480000000;10;9454383319;B
20240123;100006;166.390000000;20;9454383322;S
20240123;100006;166.390000000;20;9454383361;S
20240123;100006;166.420000000;10;9454383363;B
20240123;100006;166.390000000;10;9454383366;S
20240123;100006;166.420000000;10;9454383369;B
20240123;100006;166.420000000;10;9454383441;B
20240123;100006;166.420000000;10;9454383552;B
20240123;100006;166.420000000;10;9454383558;B
20240123;100006;166.390000000;130;9454383559;S
20240123;100006;166.390000000;10;9454383562;S
20240123;100006;166.390000000;20;9454383566;S
20240123;100006;166.390000000;10;9454383574;S
20240123;100006;166.380000000;300;9454383647;S
20240123;100006;166.370000000;3700;9454383648;S
20240123;100006;166.410000000;10;9454383716;B
20240123;100006;166.410000000;10;9454383721;B
20240123;100006;166.410000000;30;9454383724;B
20240123;100006;166.420000000;10;9454383725;B
20240123;100006;166.370000000;10;9454383727;S
20240123;100006;166.420000000;10;9454383728;B
20240123;100006;166.420000000;10;9454383731;B
20240123;100006;166.420000000;10;9454383732;B
20240123;100006;166.420000000;10;9454383735;B
20240123;100006;166.420000000;10;9454383746;B
20240123;100006;166.420000000;10;9454383748;B
20240123;100006;166.420000000;10;9454383754;B
20240123;100006;166.420000000;10;9454383759;B
20240123;100006;166.420000000;10;9454383765;B
20240123;100006;166.420000000;10;9454383768;B
20240123;100006;166.380000000;2160;9454384041;S
20240123;100006;166.370000000;90;9454384165;S
20240123;100006;166.410000000;20;9454384177;B
20240123;100006;166.370000000;10;9454384183;S
20240123;100006;166.410000000;10;9454384189;B
20240123;100006;166.410000000;140;9454384190;B
20240123;100006;166.410000000;10;9454384192;B
20240123;100006;166.410000000;20;9454384198;B
20240123;100006;166.410000000;30;9454384202;B
20240123;100006;166.380000000;50;9454384205;S
20240123;100006;166.410000000;50;9454384211;B
20240123;100006;166.410000000;10;9454384214;B
20240123;100006;166.410000000;100;9454384218;B
20240123;100006;166.410000000;10;9454384219;B
20240123;100006;166.410000000;10;9454384223;B
20240123;100006;166.370000000;10;9454384431;S
20240123;100006;166.380000000;40;9454384526;S
20240123;100006;166.380000000;10;9454384532;S
20240123;100007;166.430000000;10;9454384672;B
20240123;100007;166.370000000;10;9454384674;S
20240123;100007;166.370000000;50;9454384675;S
20240123;100007;166.380000000;50;9454384678;S
20240123;100007;166.380000000;10;9454384679;S
20240123;100007;166.380000000;20;9454384816;S
20240123;100007;166.410000000;10;9454384849;B
20240123;100007;166.390000000;1910;9454385056;B
20240123;100007;166.400000000;1810;9454385057;B
20240123;100007;166.410000000;1910;9454385058;B
20240123;100007;166.410000000;300;9454385059;B
20240123;100007;166.420000000;1070;9454385060;B
20240123;100007;166.400000000;10;9454385169;B
20240123;100007;166.400000000;10;9454385171;B
20240123;100007;166.370000000;70;9454385172;S
20240123;100007;166.400000000;10;9454385173;B
20240123;100007;166.400000000;10;9454385401;B
20240123;100007;166.400000000;10;9454385402;B
20240123;100007;166.400000000;10;9454385403;B
20240123;100007;166.400000000;1550;9454385523;B
20240123;100007;166.370000000;10;9454385524;S
20240123;100007;166.370000000;10;9454385525;S
20240123;100007;166.410000000;10;9454385526;B
20240123;100008;166.370000000;10;9454385677;S
20240123;100008;166.410000000;10;9454385678;B
20240123;100008;166.410000000;10;9454385679;B
20240123;100008;166.410000000;10;9454385680;B
20240123;100008;166.370000000;80;9454385773;S
20240123;100008;166.370000000;770;9454385796;S
20240123;100008;166.380000000;20;9454386113;B
20240123;100008;166.390000000;80;9454386114;B
20240123;100008;166.400000000;10;9454386195;B
20240123;100008;166.370000000;170;9454386197;S
20240123;100008;166.400000000;10;9454386198;B
20240123;100008;166.400000000;10;9454386199;B
20240123;100008;166.370000000;30;9454386200;S
20240123;100010;166.380000000;10;9454386553;S
20240123;100010;166.370000000;10;9454386578;S
20240123;100010;166.410000000;30;9454386663;B
20240123;100010;166.400000000;50;9454386760;B
20240123;100010;166.370000000;10;9454386761;S
20240123;100010;166.400000000;140;9454386857;B
20240123;100010;166.410000000;20;9454386858;B
20240123;100011;166.400000000;10;9454387006;B
20240123;100011;166.370000000;100;9454387093;S
20240123;100011;166.370000000;220;9454387187;S
20240123;100011;166.370000000;220;9454387208;S
20240123;100013;166.400000000;10;9454387879;B
20240123;100013;166.420000000;10;9454387880;B
20240123;100015;166.360000000;200;9454388317;S
20240123;100016;166.310000000;210;9454388917;S
20240123;100017;166.310000000;200;9454389001;S
20240123;100018;166.310000000;70;9454389322;S
20240123;100019;166.370000000;10;9454389559;B
20240123;100019;166.310000000;150;9454389586;S
20240123;100021;166.350000000;150;9454390255;B
20240123;100021;166.370000000;100;9454390256;B
20240123;100022;166.320000000;10;9454390443;S
20240123;100023;166.310000000;10;9454390766;S
20240123;100023;166.310000000;120;9454390767;S
20240123;100023;166.350000000;10;9454390945;B
20240123;100024;166.350000000;10;9454391005;B
20240123;100024;166.330000000;30;9454391186;B
20240123;100025;166.300000000;70;9454391472;S
20240123;100025;166.300000000;10;9454391473;S
20240123;100025;166.270000000;10;9454391474;S
20240123;100025;166.250000000;10;9454391475;S
20240123;100025;166.250000000;210;9454391476;S
20240123;100025;166.240000000;210;9454391477;S
20240123;100025;166.240000000;480;9454391478;S
20240123;100027;166.280000000;170;9454391739;B
20240123;100027;166.280000000;130;9454391747;B
20240123;100027;166.280000000;870;9454391748;B
20240123;100027;166.290000000;100;9454391778;B
20240123;100029;166.280000000;100;9454392232;B
20240123;100030;166.290000000;500;9454392409;B
20240123;100030;166.270000000;10;9454392582;S
20240123;100030;166.240000000;210;9454392583;S
20240123;100030;166.230000000;60;9454392584;S
20240123;100031;166.270000000;10;9454392817;B
20240123;100031;166.270000000;130;9454392880;B
20240123;100032;166.270000000;600;9454392990;B
20240123;100032;166.270000000;20;9454392991;B
20240123;100033;166.270000000;10;9454393402;B
20240123;100034;166.240000000;60;9454393616;S
20240123;100035;166.240000000;40;9454393772;S
20240123;100035;166.270000000;20;9454393852;B
20240123;100036;166.270000000;10;9454394186;B
20240123;100037;166.270000000;300;9454394269;B
20240123;100038;166.260000000;1810;9454394583;S
20240123;100038;166.260000000;1190;9454394584;S
20240123;100039;166.270000000;50;9454394960;B
20240123;100041;166.270000000;130;9454395297;B
20240123;100042;166.230000000;10;9454395757;S
20240123;100044;166.270000000;60;9454396042;B
20240123;100045;166.230000000;10;9454396323;S
20240123;100054;166.250000000;250;9454398811;B
20240123;100054;166.270000000;950;9454398812;B
20240123;100055;166.250000000;300;9454399251;S
20240123;100057;166.240000000;150;9454399973;S
20240123;100058;166.240000000;1500;9454400184;S
20240123;100058;166.240000000;70;9454400237;S
20240123;100058;166.240000000;20;9454400272;S
20240123;100100;166.250000000;10;9454400571;B
20240123;100100;166.250000000;40;9454400747;S
20240123;100100;166.240000000;30;9454400748;S
20240123;100101;166.240000000;250;9454400784;S
20240123;100101;166.230000000;140;9454400792;S
20240123;100101;166.230000000;360;9454400817;S
20240123;100101;166.220000000;10;9454400818;S
20240123;100101;166.220000000;210;9454400819;S
20240123;100101;166.210000000;20;9454400820;S
20240123;100101;166.200000000;10;9454400873;S
20240123;100101;166.200000000;50;9454400874;S
20240123;100101;166.200000000;10;9454400875;S
20240123;100101;166.200000000;200;9454400876;S
20240123;100101;166.190000000;50;9454400877;S
20240123;100101;166.190000000;420;9454400878;S
20240123;100101;166.180000000;50;9454400921;S
20240123;100101;166.170000000;10;9454400931;S
20240123;100101;166.190000000;110;9454401015;B
20240123;100101;166.150000000;10;9454401132;S
20240123;100101;166.150000000;10;9454401133;S
20240123;100101;166.150000000;200;9454401134;S
20240123;100101;166.130000000;70;9454401195;S
20240123;100102;166.130000000;140;9454401267;S
20240123;100102;166.130000000;1460;9454401268;S
20240123;100108;166.130000000;210;9454402825;S
20240123;100108;166.120000000;10;9454402826;S
20240123;100108;166.120000000;20;9454402827;S
20240123;100108;166.120000000;210;9454402828;S
20240123;100108;166.120000000;1790;9454402829;S
20240123;100108;166.120000000;300;9454402830;S
20240123;100108;166.110000000;3000;9454402831;S
20240123;100108;166.110000000;210;9454402832;S
20240123;100108;166.110000000;780;9454402833;S
20240123;100108;166.110000000;1810;9454402834;S
20240123;100108;166.100000000;1000;9454402835;S
20240123;100108;166.100000000;10;9454402836;S
20240123;100108;166.100000000;1000;9454402837;S
20240123;100108;166.100000000;10;9454402838;S
20240123;100108;166.100000000;200;9454402839;S
20240123;100108;166.100000000;50;9454402840;S
20240123;100108;166.100000000;210;9454402841;S
20240123;100108;166.100000000;1000;9454402842;S
20240123;100108;166.100000000;2100;9454402843;S
20240123;100108;166.090000000;100;9454402844;S
20240123;100108;166.090000000;50;9454402845;S
20240123;100108;166.090000000;250;9454402846;S
20240123;100108;166.090000000;1000;9454402847;S
20240123;100108;166.090000000;210;9454402848;S
20240123;100108;166.080000000;150;9454402849;S
20240123;100108;166.080000000;1000;9454402850;S
20240123;100108;166.080000000;20;9454402851;S
20240123;100108;166.080000000;150;9454402852;S
20240123;100108;166.080000000;10;9454402853;S
20240123;100108;166.080000000;10;9454402854;S
20240123;100108;166.080000000;10;9454402855;S
20240123;100108;166.080000000;10;9454402856;S
20240123;100108;166.080000000;10;9454402857;S
20240123;100108;166.080000000;10;9454402858;S
20240123;100108;166.080000000;10;9454402859;S
20240123;100108;166.080000000;10;9454402860;S
20240123;100108;166.080000000;10;9454402861;S
20240123;100108;166.080000000;10;9454402862;S
20240123;100108;166.080000000;10;9454402863;S
20240123;100108;166.080000000;10;9454402864;S
20240123;100108;166.080000000;10;9454402865;S
20240123;100108;166.080000000;10;9454402866;S
20240123;100108;166.080000000;10;9454402867;S
20240123;100108;166.080000000;10;9454402868;S
20240123;100108;166.080000000;10;9454402869;S
20240123;100108;166.080000000;10;9454402870;S
20240123;100108;166.080000000;10;9454402871;S
20240123;100108;166.080000000;10;9454402872;S
20240123;100108;166.080000000;10;9454402873;S
20240123;100108;166.080000000;10;9454402874;S
20240123;100108;166.080000000;10;9454402875;S
20240123;100108;166.080000000;10;9454402876;S
20240123;100108;166.080000000;10;9454402877;S
20240123;100108;166.080000000;10;9454402878;S
20240123;100108;166.080000000;10;9454402879;S
20240123;100108;166.080000000;10;9454402880;S
20240123;100108;166.080000000;10;9454402881;S
20240123;100108;166.080000000;10;9454402882;S
20240123;100108;166.080000000;3000;9454402883;S
20240123;100108;166.080000000;10;9454402884;S
20240123;100108;166.080000000;10;9454402885;S
20240123;100108;166.080000000;10;9454402886;S
20240123;100108;166.080000000;260;9454402887;S
20240123;100108;166.080000000;1000;9454402888;S
20240123;100108;166.080000000;50;9454402889;S
20240123;100108;166.080000000;1000;9454402890;S
20240123;100108;166.080000000;210;9454402891;S
20240123;100108;166.080000000;1500;9454402892;S
20240123;100108;166.070000000;10;9454402893;S
20240123;100108;166.070000000;29290;9454402894;S
20240123;100109;166.170000000;300;9454402926;B
20240123;100109;166.180000000;70;9454402927;B
20240123;100109;166.180000000;30;9454402976;B
20240123;100109;166.080000000;150;9454403010;S
20240123;100110;166.090000000;600;9454403267;B
20240123;100110;166.090000000;100;9454403268;B
20240123;100110;166.090000000;300;9454403269;B
20240123;100112;166.080000000;1000;9454403701;S
20240123;100112;166.080000000;210;9454403702;S
20240123;100112;166.080000000;2100;9454403703;S
20240123;100112;166.080000000;300;9454403704;S
20240123;100112;166.070000000;2400;9454403705;S
20240123;100113;166.090000000;1000;9454403769;B
20240123;100113;166.090000000;10;9454403904;B
20240123;100115;166.090000000;70;9454404440;B
20240123;100115;166.090000000;1000;9454404445;B
20240123;100115;166.090000000;310;9454404458;B
20240123;100116;166.170000000;1000;9454404459;B
20240123;100116;166.170000000;1500;9454404476;B
20240123;100117;166.170000000;1000;9454404707;B
20240123;100119;166.180000000;20;9454405064;B
20240123;100120;166.130000000;10;9454405398;S
20240123;100122;166.200000000;10;9454405793;B
20240123;100123;166.180000000;10;9454405907;S
20240123;100123;166.170000000;100;9454405908;S
20240123;100123;166.150000000;10;9454405909;S
20240123;100123;166.140000000;10;9454405910;S
20240123;100123;166.130000000;50;9454405911;S
20240123;100123;166.130000000;300;9454405912;S
20240123;100123;166.120000000;1810;9454405913;S
20240123;100123;166.120000000;1000;9454405914;S
20240123;100123;166.120000000;210;9454405915;S
20240123;100123;166.110000000;1000;9454405916;S
20240123;100123;166.110000000;210;9454405917;S
20240123;100123;166.100000000;870;9454405918;S
20240123;100124;166.120000000;60;9454406114;S
20240123;100124;166.200000000;20;9454406131;B
20240123;100124;166.200000000;280;9454406132;B
20240123;100129;166.200000000;10;9454406718;B
20240123;100129;166.140000000;30;9454406810;S
20240123;100129;166.130000000;90;9454406811;S
20240123;100129;166.120000000;90;9454406812;S
20240123;100130;166.200000000;290;9454407039;B
20240123;100131;166.200000000;220;9454407149;S
20240123;100132;166.200000000;6490;9454407205;S
20240123;100132;166.200000000;560;9454407206;S
20240123;100134;166.210000000;10;9454407429;B
20240123;100135;166.210000000;290;9454407561;B
20240123;100135;166.220000000;710;9454407562;B
20240123;100137;166.200000000;440;9454407822;S
20240123;100137;166.150000000;20;9454407823;S
20240123;100137;166.140000000;1810;9454407824;S
20240123;100137;166.140000000;300;9454407825;S
20240123;100137;166.130000000;210;9454407826;S
20240123;100137;166.130000000;1000;9454407827;S
20240123;100139;166.110000000;10;9454408715;S
20240123;100139;166.110000000;180;9454408716;S
20240123;100140;166.110000000;10;9454408837;S
20240123;100140;166.110000000;300;9454408838;S
20240123;100140;166.100000000;210;9454408839;S
20240123;100140;166.090000000;210;9454408840;S
20240123;100140;166.090000000;500;9454408841;S
20240123;100140;166.090000000;10;9454408842;S
20240123;100140;166.090000000;120;9454408843;S
20240123;100140;166.090000000;100;9454408844;S
20240123;100140;166.090000000;1810;9454408845;S
20240123;100140;166.080000000;210;9454408846;S
20240123;100140;166.080000000;230;9454408847;S
20240123;100140;166.080000000;2090;9454408848;S
20240123;100140;166.130000000;400;9454408879;B
20240123;100142;166.130000000;500;9454409455;B
20240123;100145;166.130000000;320;9454409802;B
20240123;100145;166.130000000;50;9454409803;B
20240123;100148;166.130000000;20;9454410170;S
20240123;100150;166.210000000;210;9454410443;B
20240123;100150;166.210000000;300;9454410444;B
20240123;100150;166.220000000;4490;9454410445;B
20240123;100152;166.130000000;40;9454410762;S
20240123;100155;166.190000000;10;9454411348;B
20240123;100200;166.140000000;100;9454412213;S
20240123;100200;166.130000000;50;9454412214;S
20240123;100202;166.170000000;80;9454412355;B
20240123;100203;166.170000000;10;9454412558;B
20240123;100207;166.130000000;10;9454413371;S
20240123;100212;166.190000000;30;9454414209;B
20240123;100212;166.190000000;170;9454414239;B
20240123;100212;166.190000000;1000;9454414240;B
20240123;100212;166.190000000;300;9454414241;B
20240123;100212;166.190000000;2100;9454414242;B
20240123;100212;166.200000000;10;9454414243;B
20240123;100212;166.200000000;210;9454414244;B
20240123;100212;166.200000000;1210;9454414245;B
20240123;100214;166.190000000;10;9454414448;B
20240123;100217;166.160000000;100;9454415030;S
20240123;100217;166.160000000;200;9454415035;S
20240123;100217;166.160000000;40;9454415036;S
20240123;100219;166.190000000;200;9454415403;B
20240123;100219;166.200000000;50;9454415404;B
20240123;100219;166.160000000;1580;9454415565;S
20240123;100220;166.190000000;10;9454415776;S
20240123;100222;166.160000000;10;9454416021;S
20240123;100222;166.150000000;100;9454416022;S
20240123;100222;166.170000000;710;9454416100;B
20240123;100222;166.180000000;990;9454416101;B
20240123;100222;166.200000000;300;9454416102;B
20240123;100224;166.190000000;10;9454416521;S
20240123;100226;166.190000000;210;9454416843;B
20240123;100226;166.200000000;4790;9454416844;B
20240123;100226;166.170000000;300;9454416845;S
20240123;100226;166.160000000;100;9454416846;S
20240123;100226;166.150000000;950;9454416847;S
20240123;100231;166.160000000;10;9454417449;S
20240123;100231;166.190000000;210;9454417464;B
20240123;100231;166.200000000;820;9454417465;B
20240123;100231;166.200000000;210;9454417466;B
20240123;100231;166.200000000;10;9454417467;B
20240123;100231;166.210000000;210;9454417468;B
20240123;100231;166.220000000;210;9454417469;B
20240123;100231;166.220000000;50;9454417470;B
20240123;100231;166.220000000;100;9454417471;B
20240123;100231;166.230000000;210;9454417472;B
20240123;100231;166.230000000;300;9454417473;B
20240123;100231;166.230000000;50;9454417474;B
20240123;100231;166.230000000;620;9454417475;B
20240123;100233;166.170000000;140;9454417705;B
20240123;100233;166.200000000;110;9454417706;B
20240123;100236;166.220000000;100;9454418205;B
20240123;100239;166.180000000;400;9454418604;S
20240123;100240;166.210000000;100;9454418860;S
20240123;100240;166.210000000;550;9454418861;S
20240123;100240;166.180000000;900;9454418864;S
20240123;100240;166.180000000;600;9454418865;S
20240123;100240;166.180000000;100;9454418866;S
20240123;100240;166.170000000;300;9454418867;S
20240123;100241;166.170000000;300;9454418897;S
20240123;100241;166.160000000;400;9454418898;S
20240123;100241;166.160000000;300;9454418899;S
20240123;100246;166.200000000;10;9454419882;B
20240123;100250;166.200000000;400;9454420965;B
20240123;100252;166.200000000;2160;9454421441;B
20240123;100252;166.200000000;50;9454421442;B
20240123;100252;166.210000000;50;9454421448;B
20240123;100252;166.210000000;400;9454421449;B
20240123;100252;166.200000000;1790;9454421450;S
20240123;100253;166.180000000;360;9454421636;S
20240123;100256;166.180000000;100;9454422184;S
20240123;100257;166.180000000;60;9454422361;S
20240123;100257;166.190000000;30;9454422395;B
20240123;100257;166.190000000;10;9454422448;B
20240123;100257;166.180000000;100;9454422465;S
20240123;100259;166.190000000;1510;9454422835;B
20240123;100259;166.210000000;500;9454422836;B
20240123;100259;166.210000000;600;9454422837;B
20240123;100259;166.210000000;900;9454422838;B
20240123;100259;166.210000000;100;9454422839;B
20240123;100259;166.220000000;210;9454422840;B
20240123;100259;166.230000000;210;9454422841;B
20240123;100259;166.240000000;210;9454422842;B
20240123;100259;166.240000000;20;9454422843;B
20240123;100259;166.240000000;300;9454422844;B
20240123;100259;166.250000000;210;9454422845;B
20240123;100259;166.250000000;230;9454422846;B
20240123;100306;166.190000000;250;9454424073;S
20240123;100307;166.190000000;20;9454424329;S
20240123;100308;166.190000000;20;9454424372;S
20240123;100310;166.250000000;20;9454424648;B
20240123;100314;166.250000000;10;9454425417;B
20240123;100324;166.210000000;10;9454427492;B
20240123;100324;166.240000000;2100;9454427493;B
20240123;100324;166.240000000;300;9454427494;B
20240123;100324;166.250000000;10;9454427495;B
20240123;100324;166.250000000;1000;9454427496;B
20240123;100332;166.260000000;50;9454429179;B
20240123;100332;166.260000000;50;9454429180;B
20240123;100334;166.260000000;10;9454429474;B
20240123;100335;166.260000000;1500;9454429704;B
20240123;100337;166.250000000;750;9454429883;S
20240123;100342;166.270000000;20;9454430627;B
20240123;100345;166.270000000;280;9454431140;B
20240123;100345;166.270000000;210;9454431141;B
20240123;100345;166.280000000;210;9454431142;B
20240123;100345;166.290000000;10;9454431143;B
20240123;100345;166.290000000;210;9454431144;B
20240123;100345;166.290000000;100;9454431145;B
20240123;100345;166.300000000;210;9454431146;B
20240123;100345;166.300000000;260;9454431147;B
20240123;100345;166.310000000;210;9454431148;B
20240123;100345;166.310000000;100;9454431149;B
20240123;100350;166.320000000;300;9454431953;B
20240123;100350;166.320000000;210;9454431954;B
20240123;100350;166.340000000;210;9454432003;B
20240123;100350;166.340000000;40;9454432004;B
20240123;100351;166.320000000;490;9454432183;S
20240123;100351;166.280000000;210;9454432184;S
20240123;100355;166.310000000;10;9454432688;B
20240123;100356;166.310000000;100;9454432824;B
20240123;100357;166.310000000;60;9454432989;B
20240123;100358;166.320000000;210;9454433218;B
20240123;100358;166.320000000;1000;9454433219;B
20240123;100359;166.330000000;1810;9454433288;B
20240123;100359;166.330000000;210;9454433289;B
20240123;100401;166.340000000;10;9454433623;B
20240123;100402;166.340000000;200;9454433767;B
20240123;100402;166.340000000;1590;9454433768;B
20240123;100404;166.340000000;210;9454434148;B
20240123;100404;166.340000000;390;9454434149;B
20240123;100407;166.340000000;170;9454434664;B
20240123;100407;166.340000000;210;9454434665;B
20240123;100407;166.350000000;300;9454434666;B
20240123;100407;166.350000000;210;9454434667;B
20240123;100407;166.360000000;210;9454434668;B
20240123;100407;166.360000000;1010;9454434669;B
20240123;100407;166.370000000;210;9454434670;B
20240123;100407;166.370000000;1810;9454434671;B
20240123;100407;166.370000000;3000;9454434672;B
20240123;100407;166.380000000;210;9454434673;B
20240123;100407;166.380000000;2100;9454434674;B
20240123;100407;166.390000000;560;9454434675;B
20240123;100408;166.380000000;210;9454435047;B
20240123;100408;166.380000000;510;9454435048;B
20240123;100408;166.390000000;210;9454435049;B
20240123;100408;166.390000000;70;9454435050;B
20240123;100409;166.370000000;10;9454435150;B
20240123;100410;166.330000000;150;9454435255;S
20240123;100412;166.330000000;100;9454435615;S
20240123;100413;166.340000000;10;9454435812;B
20240123;100413;166.370000000;100;9454435881;B
20240123;100414;166.350000000;60;9454435952;S
20240123;100414;166.350000000;180;9454435953;S
20240123;100414;166.350000000;300;9454435989;S
20240123;100416;166.370000000;100;9454436595;B
20240123;100416;166.370000000;20;9454436596;B
20240123;100419;166.370000000;200;9454437027;B
20240123;100421;166.360000000;10;9454437201;S
20240123;100421;166.370000000;1590;9454437279;B
20240123;100421;166.370000000;210;9454437280;B
20240123;100421;166.370000000;50;9454437281;B
20240123;100421;166.370000000;1150;9454437282;B
20240123;100423;166.360000000;10;9454437577;S
20240123;100423;166.350000000;270;9454437578;S
20240123;100425;166.370000000;210;9454437874;B
20240123;100425;166.370000000;250;9454437875;B
20240123;100425;166.380000000;210;9454437876;B
20240123;100425;166.380000000;330;9454437877;B
20240123;100428;166.370000000;210;9454438191;B
20240123;100429;166.370000000;500;9454438313;S
20240123;100432;166.380000000;100;9454438722;B
20240123;100433;166.380000000;10;9454438979;B
20240123;100434;166.380000000;40;9454439054;B
20240123;100436;166.380000000;10;9454439547;B
20240123;100438;166.370000000;2290;9454439711;S
20240123;100438;166.370000000;1800;9454439712;S
20240123;100438;166.350000000;1100;9454439713;S
20240123;100442;166.370000000;10;9454440392;B
20240123;100444;166.350000000;1350;9454440707;S
20240123;100445;166.350000000;1580;9454440859;S
20240123;100445;166.350000000;10;9454440860;S
20240123;100445;166.350000000;250;9454440861;S
20240123;100445;166.340000000;10;9454440874;B
20240123;100445;166.360000000;100;9454440931;B
20240123;100445;166.370000000;130;9454440932;B
20240123;100445;166.370000000;1810;9454440933;B
20240123;100445;166.380000000;50;9454440934;B
20240123;100445;166.380000000;5000;9454440935;B
20240123;100445;166.390000000;10910;9454440936;B
20240123;100445;166.380000000;40;9454440937;S
20240123;100446;166.390000000;1000;9454440968;B
20240123;100446;166.390000000;130;9454440988;B
20240123;100446;166.380000000;160;9454441050;S
20240123;100446;166.350000000;300;9454441065;S
20240123;100446;166.350000000;480;9454441081;S
20240123;100446;166.350000000;470;9454441184;S
20240123;100447;166.380000000;30;9454441533;B
20240123;100448;166.380000000;60;9454441619;B
20240123;100450;166.380000000;380;9454441904;B
20240123;100450;166.380000000;270;9454441905;B
20240123;100453;166.390000000;50;9454442321;B
20240123;100456;166.380000000;20;9454442826;S
20240123;100456;166.360000000;180;9454442827;S
20240123;100457;166.390000000;20;9454442836;B
20240123;100500;166.390000000;560;9454443445;B
20240123;100500;166.390000000;20;9454443446;B
20240123;100500;166.390000000;120;9454443447;B
20240123;100500;166.400000000;300;9454443448;B
20240123;100500;166.400000000;340;9454443449;B
20240123;100500;166.400000000;360;9454443450;B
20240123;100500;166.400000000;100;9454443452;B
20240123;100500;166.400000000;700;9454443453;B
20240123;100506;166.390000000;20;9454444434;S
20240123;100506;166.400000000;10;9454444539;B
20240123;100507;166.390000000;280;9454444563;S
20240123;100507;166.390000000;200;9454444564;S
20240123;100507;166.380000000;30;9454444611;B
20240123;100509;166.370000000;10;9454444855;S
20240123;100509;166.370000000;150;9454444880;B
20240123;100515;166.350000000;300;9454445859;B
20240123;100515;166.350000000;100;9454445860;B
20240123;100515;166.360000000;10;9454445861;B
20240123;100515;166.370000000;460;9454445862;B
20240123;100515;166.370000000;100;9454445863;B
20240123;100515;166.380000000;30;9454445864;B
20240123;100515;166.340000000;10;9454445942;S
20240123;100515;166.300000000;100;9454445943;S
20240123;100515;166.300000000;890;9454445944;S
20240123;100517;166.350000000;10;9454446214;B
20240123;100520;166.300000000;110;9454446578;S
20240123;100520;166.300000000;100;9454446579;S
20240123;100520;166.300000000;250;9454446580;S
20240123;100520;166.290000000;90;9454446595;S
20240123;100520;166.290000000;1000;9454446596;S
20240123;100520;166.290000000;1300;9454446597;S
20240123;100522;166.290000000;700;9454446870;B
20240123;100523;166.280000000;10;9454447051;S
20240123;100523;166.280000000;90;9454447097;S
20240123;100525;166.280000000;10;9454447256;B
20240123;100525;166.280000000;10;9454447257;B
20240123;100527;166.270000000;10;9454447527;S
20240123;100527;166.270000000;50;9454447528;S
20240123;100529;166.270000000;20;9454447777;S
20240123;100530;166.280000000;10;9454447979;B
20240123;100531;166.280000000;1000;9454448077;B
20240123;100531;166.280000000;10;9454448124;B
20240123;100531;166.280000000;20;9454448125;B
20240123;100531;166.280000000;20;9454448126;B
20240123;100531;166.280000000;20;9454448127;B
20240123;100531;166.280000000;40;9454448128;B
20240123;100536;166.270000000;10;9454448927;S
20240123;100538;166.280000000;40;9454449406;B
20240123;100539;166.270000000;20;9454449478;S
20240123;100539;166.260000000;580;9454449479;S
20240123;100540;166.260000000;80;9454449603;S
20240123;100541;166.280000000;20;9454449685;B
20240123;100542;166.280000000;250;9454449887;B
20240123;100543;166.280000000;10;9454450076;B
20240123;100545;166.260000000;10;9454450261;S
20240123;100546;166.260000000;800;9454450396;S
20240123;100547;166.270000000;10;9454450649;B
20240123;100549;166.260000000;70;9454450915;S
20240123;100550;166.270000000;500;9454451192;B
20240123;100551;166.260000000;50;9454451339;S
20240123;100554;166.270000000;10;9454451714;B
20240123;100554;166.270000000;10240;9454451812;B
20240123;100554;166.270000000;150;9454451844;B
20240123;100602;166.260000000;410;9454453066;S
20240123;100602;166.260000000;20;9454453067;S
20240123;100602;166.250000000;10;9454453068;S
20240123;100602;166.250000000;10;9454453069;S
20240123;100602;166.250000000;1000;9454453070;S
20240123;100602;166.250000000;20;9454453071;S
20240123;100602;166.260000000;300;9454453142;B
20240123;100602;166.260000000;440;9454453143;B
20240123;100602;166.260000000;10;9454453153;B
20240123;100603;166.260000000;1360;9454453271;B
20240123;100603;166.260000000;3640;9454453272;B
20240123;100604;166.260000000;60;9454453399;B
20240123;100604;166.260000000;140;9454453453;B
20240123;100605;166.260000000;100;9454453575;B
20240123;100605;166.260000000;140;9454453576;B
20240123;100606;166.250000000;90;9454453884;S
20240123;100607;166.260000000;3900;9454454121;B
20240123;100607;166.260000000;1810;9454454122;B
20240123;100607;166.260000000;290;9454454123;B
20240123;100608;166.260000000;10;9454454214;B
20240123;100612;166.260000000;10;9454454985;B
20240123;100612;166.260000000;240;9454454986;B
20240123;100614;166.260000000;10;9454455285;B
20240123;100615;166.260000000;300;9454455415;B
20240123;100615;166.260000000;30;9454455443;B
20240123;100616;166.250000000;20;9454455536;S
20240123;100619;166.260000000;1000;9454456118;B
20240123;100619;166.250000000;120;9454456133;S
20240123;100619;166.240000000;500;9454456134;S
20240123;100619;166.230000000;1350;9454456135;S
20240123;100619;166.230000000;30;9454456136;S
20240123;100624;166.250000000;300;9454456807;B
20240123;100624;166.250000000;250;9454456836;B
20240123;100624;166.250000000;500;9454456912;B
20240123;100626;166.210000000;10;9454457096;S
20240123;100626;166.210000000;300;9454457097;S
20240123;100626;166.210000000;1340;9454457098;S
20240123;100626;166.200000000;10;9454457099;S
20240123;100626;166.200000000;70;9454457100;S
20240123;100626;166.200000000;1000;9454457101;S
20240123;100626;166.190000000;10;9454457102;S
20240123;100626;166.190000000;10;9454457103;S
20240123;100627;166.190000000;210;9454457258;B
20240123;100627;166.190000000;250;9454457259;B
20240123;100628;166.180000000;10;9454457422;S
20240123;100630;166.180000000;350;9454457676;S
20240123;100631;166.190000000;50;9454457803;B
20240123;100631;166.190000000;1740;9454457804;B
20240123;100632;166.190000000;10;9454457998;B
20240123;100633;166.180000000;110;9454458069;S
20240123;100633;166.180000000;100;9454458070;S
20240123;100633;166.180000000;500;9454458071;S
20240123;100633;166.170000000;160;9454458072;S
20240123;100633;166.170000000;100;9454458073;S
20240123;100633;166.150000000;10;9454458074;S
20240123;100633;166.150000000;10;9454458075;S
20240123;100633;166.150000000;10;9454458076;S
20240123;100633;166.140000000;1660;9454458077;S
20240123;100633;166.140000000;3070;9454458078;B
20240123;100633;166.140000000;300;9454458080;B
20240123;100633;166.140000000;210;9454458081;B
20240123;100634;166.140000000;210;9454458192;B
20240123;100634;166.140000000;210;9454458193;B
20240123;100634;166.140000000;210;9454458195;B
20240123;100634;166.140000000;210;9454458196;B
20240123;100634;166.140000000;210;9454458197;B
20240123;100634;166.140000000;210;9454458198;B
20240123;100634;166.140000000;210;9454458201;B
20240123;100634;166.140000000;210;9454458203;B
20240123;100634;166.140000000;210;9454458204;B
20240123;100634;166.140000000;210;9454458205;B
20240123;100634;166.140000000;210;9454458206;B
20240123;100635;166.130000000;10;9454458406;S
20240123;100635;166.130000000;40;9454458407;S
20240123;100637;166.150000000;10;9454458736;B
20240123;100637;166.150000000;210;9454458737;B
20240123;100637;166.160000000;210;9454458738;B
20240123;100637;166.170000000;70;9454458739;B
20240123;100638;166.160000000;210;9454458868;B
20240123;100638;166.170000000;30;9454458869;B
20240123;100638;166.170000000;210;9454458870;B
20240123;100638;166.180000000;150;9454458871;B
20240123;100638;166.170000000;210;9454458897;B
20240123;100638;166.170000000;120;9454458898;B
20240123;100638;166.180000000;60;9454458899;B
20240123;100638;166.180000000;3620;9454458900;B
20240123;100638;166.180000000;440;9454458901;B
20240123;100638;166.180000000;100;9454458902;B
20240123;100638;166.190000000;210;9454458903;B
20240123;100638;166.190000000;1810;9454458904;B
20240123;100638;166.190000000;1000;9454458905;B
20240123;100638;166.190000000;1000;9454458906;B
20240123;100638;166.190000000;300;9454458907;B
20240123;100638;166.200000000;38330;9454458908;B
20240123;100643;166.180000000;210;9454459448;B
20240123;100643;166.190000000;90;9454459449;B
20240123;100643;166.180000000;30;9454459459;B
20240123;100643;166.180000000;120;9454459505;B
20240123;100646;166.150000000;30;9454459878;S
20240123;100646;166.150000000;120;9454459897;S
20240123;100646;166.130000000;10;9454459898;S
20240123;100646;166.130000000;270;9454459899;S
20240123;100647;166.170000000;10;9454460001;B
20240123;100650;166.120000000;10;9454460342;S
20240123;100650;166.110000000;990;9454460343;S
20240123;100651;166.170000000;10;9454460561;B
20240123;100651;166.170000000;40;9454460562;B
20240123;100651;166.170000000;30;9454460586;B
20240123;100652;166.160000000;10;9454460769;S
20240123;100652;166.130000000;10;9454460770;S
20240123;100654;166.150000000;500;9454461016;S
20240123;100654;166.120000000;940;9454461017;S
20240123;100654;166.120000000;2850;9454461018;B
20240123;100658;166.160000000;10;9454461535;B
20240123;100659;166.160000000;40;9454461765;B
20240123;100659;166.170000000;70;9454461766;B
20240123;100659;166.170000000;50;9454461767;B
20240123;100659;166.170000000;50;9454461768;B
20240123;100659;166.170000000;990;9454461769;B
20240123;100659;166.180000000;60;9454461770;B
20240123;100659;166.180000000;2150;9454461771;B
20240123;100659;166.180000000;300;9454461772;B
20240123;100659;166.180000000;1290;9454461773;B
20240123;100700;166.180000000;210;9454461933;B
20240123;100700;166.180000000;350;9454461934;B
20240123;100701;166.180000000;210;9454461994;B
20240123;100701;166.180000000;2280;9454461995;B
20240123;100701;166.180000000;2100;9454462066;B
20240123;100703;166.190000000;100;9454462268;B
20240123;100703;166.180000000;300;9454462285;B
20240123;100703;166.190000000;10;9454462364;B
20240123;100705;166.180000000;480;9454462498;B
20240123;100706;166.180000000;50;9454462653;B
20240123;100707;166.170000000;50;9454462933;S
20240123;100707;166.160000000;30;9454462934;S
20240123;100707;166.150000000;410;9454462935;S
20240123;100710;166.190000000;10;9454463409;B
20240123;100710;166.190000000;20;9454463496;B
20240123;100711;166.190000000;780;9454463786;B
20240123;100711;166.190000000;100;9454463787;B
20240123;100711;166.190000000;330;9454463788;B
20240123;100711;166.190000000;210;9454463789;B
20240123;100711;166.190000000;210;9454463790;B
20240123;100711;166.190000000;170;9454463791;B
20240123;100712;166.190000000;80;9454463825;B
20240123;100712;166.190000000;40;9454463857;B
20240123;100713;166.190000000;20;9454464070;B
20240123;100713;166.190000000;10;9454464092;B
20240123;100713;166.190000000;10;9454464201;B
20240123;100714;166.180000000;10;9454464310;S
20240123;100714;166.180000000;20;9454464311;S
20240123;100714;166.190000000;10;9454464312;B
20240123;100715;166.200000000;5000;9454464528;B
20240123;100719;166.180000000;100;9454465253;S
20240123;100719;166.170000000;900;9454465254;S
20240123;100719;166.200000000;10;9454465271;B
20240123;100719;166.200000000;3000;9454465286;B
20240123;100721;166.180000000;50;9454465516;B
20240123;100721;166.200000000;30000;9454465544;B
20240123;100721;166.200000000;29140;9454465555;B
20240123;100721;166.190000000;40;9454465607;S
20240123;100721;166.180000000;10;9454465608;S
20240123;100722;166.200000000;3410;9454465655;B
20240123;100725;166.200000000;500;9454466015;B
20240123;100727;166.180000000;90;9454466250;S
20240123;100727;166.170000000;910;9454466251;S
20240123;100727;166.170000000;300;9454466252;S
20240123;100727;166.160000000;20;9454466253;S
20240123;100727;166.160000000;590;9454466254;S
20240123;100729;166.170000000;1000;9454466472;B
20240123;100731;166.170000000;100;9454466690;B
20240123;100731;166.160000000;100;9454466714;S
20240123;100732;166.170000000;200;9454466914;B
20240123;100732;166.200000000;9800;9454466915;B
20240123;100733;166.190000000;10;9454467041;S
20240123;100734;166.190000000;90;9454467149;S
20240123;100734;166.180000000;210;9454467150;S
20240123;100736;166.190000000;50;9454467455;S
20240123;100738;166.200000000;2900;9454467683;B
20240123;100740;166.190000000;10;9454468073;S
20240123;100741;166.200000000;30;9454468163;B
20240123;100741;166.200000000;1000;9454468214;B
20240123;100743;166.190000000;20;9454468479;S
20240123;100746;166.190000000;10;9454468928;S
20240123;100746;166.190000000;450;9454468989;S
20240123;100746;166.190000000;850;9454468990;S
20240123;100746;166.190000000;100;9454468991;S
20240123;100746;166.170000000;300;9454468992;S
20240123;100746;166.160000000;950;9454468993;S
20240123;100747;166.160000000;1360;9454469033;S
20240123;100747;166.150000000;140;9454469034;S
20240123;100750;166.140000000;70;9454469435;S
20240123;100751;166.200000000;10000;9454469526;B
20240123;100752;166.150000000;300;9454469660;S
20240123;100752;166.140000000;30;9454469661;S
20240123;100752;166.130000000;670;9454469662;S
20240123;100753;166.190000000;10;9454469744;B
20240123;100754;166.140000000;300;9454469989;S
20240123;100754;166.130000000;700;9454469990;S
20240123;100755;166.150000000;10;9454470084;S
20240123;100759;166.180000000;10;9454470529;B
20240123;100759;166.150000000;10;9454470592;S
20240123;100804;166.180000000;40;9454471309;B
20240123;100809;166.180000000;50;9454472176;B
20240123;100809;166.180000000;10;9454472177;B
20240123;100809;166.180000000;200;9454472178;B
20240123;100809;166.180000000;20;9454472179;B
20240123;100809;166.180000000;10;9454472264;B
20240123;100810;166.180000000;250;9454472348;B
20240123;100810;166.180000000;1680;9454472377;B
20240123;100810;166.190000000;90;9454472397;B
20240123;100812;166.160000000;10;9454472778;S
20240123;100815;166.160000000;300;9454473198;S
20240123;100815;166.160000000;70;9454473199;S
20240123;100815;166.160000000;70;9454473200;S
20240123;100815;166.150000000;260;9454473201;S
20240123;100817;166.160000000;120;9454473508;S
20240123;100820;166.190000000;10;9454473847;B
20240123;100820;166.160000000;490;9454473885;S
20240123;100823;166.190000000;1890;9454474498;B
20240123;100823;166.190000000;50;9454474499;B
20240123;100823;166.190000000;500;9454474500;B
20240123;100823;166.190000000;70;9454474501;B
20240123;100826;166.190000000;300;9454475102;B
20240123;100826;166.170000000;30;9454475108;S
20240123;100826;166.160000000;10;9454475109;S
20240123;100826;166.160000000;60;9454475110;S
20240123;100828;166.160000000;40;9454475491;S
20240123;100830;166.200000000;100;9454475741;B
20240123;100830;166.200000000;10;9454475750;B
20240123;100833;166.160000000;240;9454476344;S
20240123;100833;166.200000000;10;9454476373;B
20240123;100836;166.180000000;300;9454476877;B
20240123;100836;166.180000000;300;9454476878;B
20240123;100839;166.190000000;610;9454477132;B
20240123;100839;166.190000000;3000;9454477133;B
20240123;100839;166.190000000;300;9454477134;B
20240123;100841;166.190000000;10;9454477509;B
20240123;100841;166.200000000;100;9454477518;B
20240123;100848;166.180000000;10;9454478416;S
20240123;100848;166.170000000;10;9454478417;S
20240123;100848;166.170000000;20;9454478418;S
20240123;100848;166.170000000;250;9454478419;B
20240123;100848;166.170000000;10;9454478420;B
20240123;100848;166.180000000;210;9454478421;S
20240123;100849;166.190000000;100;9454478517;S
20240123;100851;166.200000000;20;9454478921;B
20240123;100859;166.190000000;100;9454479913;B
20240123;100901;166.190000000;10;9454480457;B
20240123;100903;166.190000000;100;9454480753;B
20240123;100910;166.190000000;10;9454481846;B
20240123;100910;166.180000000;10;9454482074;S
20240123;100911;166.190000000;200;9454482230;B
20240123;100914;166.190000000;50;9454482494;B
20240123;100914;166.180000000;490;9454482541;S
20240123;100914;166.180000000;510;9454482542;S
20240123;100915;166.190000000;10;9454482734;B
20240123;100916;166.190000000;20;9454482759;B
20240123;100916;166.190000000;30;9454482760;B
20240123;100916;166.190000000;10;9454482761;B
20240123;100917;166.190000000;100;9454482910;B
20240123;100919;166.180000000;10;9454483151;S
20240123;100920;166.190000000;10;9454483340;B
20240123;100921;166.190000000;10;9454483414;B
20240123;100921;166.190000000;2020;9454483492;B
20240123;100921;166.190000000;1000;9454483493;B
20240123;100921;166.190000000;10;9454483494;B
20240123;100921;166.190000000;300;9454483495;B
20240123;100921;166.190000000;1670;9454483496;B
20240123;100922;166.190000000;200;9454483659;S
20240123;100924;166.190000000;50;9454483793;S
20240123;100924;166.200000000;500;9454483889;B
20240123;100924;166.200000000;100;9454483890;B
20240123;100924;166.200000000;10;9454483891;B
20240123;100924;166.200000000;400;9454483892;B
20240123;100924;166.200000000;2040;9454483893;B
20240123;100925;166.220000000;10;9454483928;B
20240123;100925;166.220000000;10;9454483949;B
20240123;100925;166.220000000;10;9454483958;B
20240123;100925;166.220000000;10;9454483959;B
20240123;100925;166.220000000;10;9454483960;B
20240123;100925;166.220000000;10;9454483962;B
20240123;100925;166.220000000;10;9454483963;B
20240123;100925;166.220000000;440;9454483964;B
20240123;100925;166.220000000;10;9454483997;B
20240123;100927;166.220000000;290;9454484210;B
20240123;100927;166.220000000;260;9454484211;B
20240123;100927;166.220000000;260;9454484212;B
20240123;100927;166.220000000;300;9454484218;S
20240123;100927;166.220000000;210;9454484219;S
20240123;100927;166.220000000;260;9454484233;B
20240123;100927;166.220000000;10;9454484285;B
20240123;100927;166.210000000;10;9454484303;S
20240123;100927;166.220000000;20;9454484304;B
20240123;100928;166.220000000;50;9454484362;B
20240123;100928;166.220000000;20;9454484394;B
20240123;100932;166.220000000;10;9454484912;B
20240123;100932;166.210000000;170;9454484914;S
20240123;100932;166.210000000;210;9454484991;S
20240123;100934;166.210000000;20;9454485217;S
20240123;100936;166.220000000;120;9454485534;B
20240123;100936;166.220000000;900;9454485535;B
20240123;100936;166.250000000;10;9454485536;B
20240123;100936;166.250000000;180;9454485537;B
20240123;100936;166.260000000;790;9454485538;B
20240123;100936;166.260000000;300;9454485550;B
20240123;100936;166.250000000;90;9454485587;B
20240123;100937;166.250000000;90;9454485595;B
20240123;100937;166.250000000;10;9454485609;B
20240123;100938;166.250000000;300;9454485751;B
20240123;100938;166.250000000;210;9454485752;B
20240123;100938;166.250000000;490;9454485798;B
20240123;100938;166.250000000;10;9454485799;B
20240123;100939;166.250000000;10;9454485858;B
20240123;100941;166.250000000;280;9454486137;B
20240123;100941;166.250000000;710;9454486216;B
20240123;100941;166.250000000;300;9454486217;B
20240123;100941;166.250000000;210;9454486218;B
20240123;100941;166.250000000;490;9454486219;B
20240123;100943;166.260000000;390;9454486398;B
20240123;100943;166.260000000;10;9454486399;B
20240123;100943;166.270000000;10;9454486400;B
20240123;100943;166.270000000;100;9454486401;B
20240123;100943;166.280000000;20;9454486402;B
20240123;100943;166.280000000;10;9454486403;B
20240123;100943;166.290000000;20;9454486404;B
20240123;100943;166.290000000;20;9454486405;B
20240123;100943;166.290000000;20;9454486406;B
20240123;100943;166.290000000;20;9454486407;B
20240123;100943;166.300000000;500;9454486408;B
20240123;100943;166.310000000;300;9454486409;B
20240123;100943;166.310000000;500;9454486410;B
20240123;100943;166.320000000;500;9454486411;B
20240123;100943;166.320000000;3000;9454486412;B
20240123;100943;166.320000000;50;9454486413;B
20240123;100943;166.330000000;500;9454486414;B
20240123;100943;166.330000000;70;9454486415;B
20240123;100943;166.330000000;220;9454486416;B
20240123;100947;166.320000000;20;9454486870;S
20240123;100948;166.340000000;20;9454487049;B
20240123;100949;166.320000000;10;9454487116;S
20240123;100953;166.300000000;10;9454487683;S
20240123;100954;166.290000000;210;9454487820;S
20240123;100954;166.280000000;210;9454487821;S
20240123;100954;166.280000000;1280;9454487822;S
20240123;100955;166.310000000;800;9454488010;B
20240123;100955;166.320000000;1000;9454488011;B
20240123;100955;166.320000000;300;9454488012;B
20240123;100955;166.330000000;10;9454488013;B
20240123;100955;166.330000000;1000;9454488014;B
20240123;100955;166.330000000;800;9454488015;B
20240123;100955;166.330000000;450;9454488016;B
20240123;100955;166.340000000;50;9454488017;B
20240123;100955;166.350000000;50;9454488018;B
20240123;100955;166.350000000;1000;9454488019;B
20240123;100955;166.350000000;10;9454488020;B
20240123;100955;166.350000000;180;9454488021;B
20240123;100955;166.350000000;1000;9454488022;B
20240123;100955;166.360000000;1000;9454488023;B
20240123;100955;166.370000000;20;9454488024;B
20240123;100955;166.370000000;1000;9454488025;B
20240123;100955;166.370000000;1810;9454488026;B
20240123;100955;166.380000000;10;9454488027;B
20240123;100955;166.380000000;10;9454488028;B
20240123;100955;166.380000000;500;9454488029;B
20240123;100955;166.380000000;10;9454488030;B
20240123;100955;166.380000000;2330;9454488031;B
20240123;100955;166.380000000;1000;9454488032;B
20240123;100955;166.380000000;800;9454488033;B
20240123;100955;166.380000000;2100;9454488034;B
20240123;100955;166.390000000;10;9454488035;B
20240123;100955;166.390000000;10;9454488036;B
20240123;100955;166.390000000;1000;9454488037;B
20240123;100955;166.390000000;500;9454488038;B
20240123;100955;166.390000000;1090;9454488039;B
20240123;100955;166.390000000;150;9454488040;B
20240123;101000;166.380000000;800;9454488653;S
20240123;101002;166.360000000;600;9454489042;S
20240123;101003;166.370000000;20;9454489099;S
20240123;101005;166.370000000;800;9454489394;B
20240123;101006;166.380000000;10;9454489562;B
20240123;101009;166.350000000;2100;9454489997;S
20240123;101009;166.350000000;1000;9454489998;S
20240123;101009;166.340000000;300;9454489999;S
20240123;101009;166.330000000;210;9454490000;S
20240123;101009;166.320000000;210;9454490001;S
20240123;101009;166.310000000;210;9454490002;S
20240123;101009;166.300000000;210;9454490003;S
20240123;101009;166.300000000;800;9454490004;S
20240123;101009;166.290000000;210;9454490005;S
20240123;101009;166.290000000;1000;9454490006;S
20240123;101009;166.290000000;200;9454490007;S
20240123;101009;166.290000000;710;9454490008;S
20240123;101009;166.280000000;210;9454490009;S
20240123;101009;166.280000000;1000;9454490010;S
20240123;101009;166.280000000;1630;9454490011;S
20240123;101009;166.290000000;300;9454490012;S
20240123;101009;166.290000000;190;9454490013;S
20240123;101009;166.320000000;20;9454490096;S
20240123;101010;166.360000000;60;9454490105;B
20240123;101013;166.350000000;10;9454490465;B
20240123;101013;166.360000000;280;9454490466;B
20240123;101014;166.360000000;10;9454490586;B
20240123;101016;166.320000000;10;9454490968;S
20240123;101021;166.330000000;50;9454491358;B
20240123;101021;166.360000000;800;9454491359;B
20240123;101021;166.370000000;150;9454491360;B
20240123;101021;166.360000000;20;9454491414;B
20240123;101025;166.370000000;100;9454491801;B
20240123;101025;166.380000000;1840;9454491829;B
20240123;101025;166.380000000;400;9454491830;B
20240123;101025;166.380000000;600;9454491831;B
20240123;101025;166.390000000;100;9454491832;B
20240123;101025;166.390000000;660;9454491833;B
20240123;101025;166.390000000;300;9454491834;B
20240123;101025;166.400000000;10;9454491835;B
20240123;101025;166.400000000;220;9454491836;B
20240123;101025;166.400000000;200;9454491837;B
20240123;101025;166.400000000;210;9454491838;B
20240123;101025;166.400000000;3460;9454491839;B
20240123;101026;166.390000000;300;9454491982;S
20240123;101026;166.400000000;20;9454491986;B
20240123;101027;166.400000000;180;9454492163;B
20240123;101032;166.370000000;1000;9454493053;S
20240123;101032;166.360000000;300;9454493054;S
20240123;101032;166.350000000;1000;9454493055;S
20240123;101032;166.350000000;1000;9454493056;S
20240123;101032;166.350000000;210;9454493057;S
20240123;101033;166.330000000;300;9454493076;B
20240123;101033;166.330000000;200;9454493077;B
20240123;101034;166.310000000;50;9454493311;S
20240123;101035;166.320000000;100;9454493356;B
20240123;101038;166.290000000;10;9454493938;B
20240123;101038;166.290000000;10;9454493939;B
20240123;101040;166.270000000;150;9454494201;S
20240123;101041;166.300000000;10;9454494281;B
20240123;101041;166.280000000;60;9454494331;S
20240123;101041;166.310000000;10;9454494355;B
20240123;101047;166.310000000;800;9454494956;B
20240123;101049;166.340000000;10;9454495100;B
20240123;101049;166.340000000;10;9454495101;B
20240123;101049;166.360000000;80;9454495102;B
20240123;101050;166.330000000;50;9454495212;S
20240123;101052;166.360000000;10;9454495489;B
20240123;101054;166.360000000;30;9454495849;B
20240123;101054;166.330000000;20;9454495852;S
20240123;101058;166.330000000;930;9454496298;S
20240123;101058;166.310000000;200;9454496299;S
20240123;101058;166.310000000;810;9454496300;S
20240123;101058;166.330000000;10;9454496307;S
20240123;101101;166.330000000;50;9454496616;S
20240123;101101;166.350000000;30;9454496617;B
20240123;101104;166.330000000;940;9454496897;S
20240123;101104;166.330000000;390;9454496898;B
20240123;101106;166.330000000;200;9454497094;B
20240123;101107;166.330000000;460;9454497208;B
20240123;101107;166.350000000;770;9454497209;B
20240123;101107;166.350000000;1860;9454497210;B
20240123;101107;166.370000000;300;9454497211;B
20240123;101107;166.390000000;50;9454497212;B
20240123;101107;166.390000000;60;9454497213;B
20240123;101110;166.380000000;700;9454497494;B
20240123;101111;166.360000000;20;9454497643;S
20240123;101112;166.370000000;10;9454497657;B
20240123;101113;166.370000000;500;9454497791;B
20240123;101117;166.370000000;60;9454498178;B
20240123;101117;166.370000000;140;9454498179;B
20240123;101118;166.380000000;30;9454498230;B
20240123;101118;166.360000000;980;9454498292;S
20240123;101118;166.360000000;1000;9454498293;S
20240123;101118;166.360000000;1960;9454498294;S
20240123;101118;166.350000000;500;9454498295;S
20240123;101118;166.350000000;300;9454498296;S
20240123;101119;166.340000000;1000;9454498356;S
20240123;101119;166.330000000;1810;9454498357;S
20240123;101119;166.320000000;1000;9454498358;S
20240123;101119;166.320000000;1960;9454498359;S
20240123;101119;166.310000000;460;9454498360;S
20240123;101119;166.310000000;300;9454498361;S
20240123;101119;166.310000000;680;9454498362;S
20240123;101119;166.300000000;1000;9454498363;S
20240123;101119;166.300000000;230;9454498364;S
20240123;101119;166.300000000;10;9454498365;S
20240123;101119;166.300000000;5000;9454498366;S
20240123;101119;166.300000000;290;9454498367;S
20240123;101119;166.300000000;10;9454498368;S
20240123;101119;166.300000000;500;9454498369;S
20240123;101119;166.290000000;210;9454498370;S
20240123;101119;166.280000000;210;9454498371;S
20240123;101119;166.280000000;800;9454498372;S
20240123;101119;166.270000000;210;9454498373;S
20240123;101119;166.270000000;20;9454498374;S
20240123;101119;166.270000000;10;9454498375;S
20240123;101119;166.270000000;70;9454498376;S
20240123;101119;166.270000000;3620;9454498377;S
20240123;101119;166.270000000;3580;9454498378;S
20240123;101119;166.260000000;210;9454498379;S
20240123;101119;166.260000000;8000;9454498380;S
20240123;101119;166.250000000;10;9454498381;S
20240123;101119;166.250000000;20;9454498382;S
20240123;101119;166.250000000;210;9454498383;S
20240123;101119;166.250000000;300;9454498384;S
20240123;101119;166.250000000;1000;9454498385;S
20240123;101119;166.250000000;2000;9454498386;S
20240123;101119;166.240000000;210;9454498387;S
20240123;101119;166.240000000;1000;9454498388;S
20240123;101119;166.230000000;210;9454498389;S
20240123;101119;166.230000000;1000;9454498390;S
20240123;101119;166.230000000;4500;9454498391;S
20240123;101119;166.230000000;8000;9454498392;S
20240123;101119;166.220000000;10;9454498393;S
20240123;101119;166.220000000;210;9454498394;S
20240123;101119;166.220000000;1000;9454498395;S
20240123;101119;166.220000000;450;9454498396;S
20240123;101119;166.210000000;50;9454498397;S
20240123;101119;166.210000000;10;9454498398;S
20240123;101119;166.210000000;1000;9454498399;S
20240123;101119;166.210000000;16000;9454498400;S
20240123;101119;166.210000000;8000;9454498401;S
20240123;101119;166.210000000;210;9454498402;S
20240123;101119;166.200000000;450;9454498403;S
20240123;101119;166.200000000;30;9454498404;S
20240123;101119;166.200000000;1000;9454498405;S
20240123;101119;166.200000000;1000;9454498406;S
20240123;101119;166.200000000;50;9454498407;S
20240123;101119;166.200000000;8000;9454498408;S
20240123;101119;166.200000000;210;9454498409;S
20240123;101119;166.190000000;10;9454498410;S
20240123;101119;166.190000000;10;9454498411;S
20240123;101119;166.190000000;1000;9454498412;S
20240123;101119;166.180000000;1000;9454498413;S
20240123;101119;166.170000000;1150;9454498414;S
20240123;101119;166.170000000;1000;9454498415;S
20240123;101119;166.160000000;10;9454498416;S
20240123;101119;166.160000000;10;9454498417;S
20240123;101119;166.160000000;300;9454498418;S
20240123;101119;166.160000000;1000;9454498419;S
20240123;101119;166.150000000;240;9454498420;S
20240123;101119;166.150000000;640;9454498421;S
20240123;101119;166.150000000;300;9454498422;S
20240123;101119;166.150000000;1000;9454498423;S
20240123;101119;166.140000000;10;9454498424;S
20240123;101119;166.140000000;10;9454498425;S
20240123;101119;166.140000000;1000;9454498426;S
20240123;101119;166.130000000;100;9454498427;S
20240123;101119;166.130000000;10;9454498428;S
20240123;101119;166.120000000;500;9454498429;S
20240123;101119;166.120000000;250;9454498430;S
20240123;101119;166.120000000;50;9454498431;S
20240123;101119;166.120000000;100;9454498432;S
20240123;101119;166.120000000;10;9454498433;S
20240123;101119;166.120000000;100;9454498434;S
20240123;101119;166.110000000;10;9454498435;S
20240123;101119;166.110000000;80;9454498436;S
20240123;101119;166.110000000;10;9454498437;S
20240123;101119;166.100000000;1000;9454498438;S
20240123;101119;166.100000000;500;9454498439;S
20240123;101119;166.100000000;2000;9454498440;S
20240123;101119;166.100000000;300;9454498441;S
20240123;101119;166.100000000;500;9454498442;S
20240123;101119;166.100000000;1000;9454498443;S
20240123;101119;166.100000000;10;9454498444;S
20240123;101119;166.100000000;30;9454498445;S
20240123;101119;166.100000000;450;9454498446;S
20240123;101119;166.100000000;16000;9454498447;S
20240123;101119;166.090000000;100;9454498448;S
20240123;101119;166.090000000;100;9454498449;S
20240123;101119;166.090000000;10;9454498450;S
20240123;101119;166.090000000;10;9454498451;S
20240123;101119;166.090000000;300;9454498452;S
20240123;101119;166.090000000;1000;9454498453;S
20240123;101119;166.080000000;7910;9454498454;S
20240123;101119;166.080000000;10;9454498455;S
20240123;101119;166.080000000;500;9454498456;S
20240123;101119;166.080000000;500;9454498457;S
20240123;101119;166.080000000;1760;9454498458;S
20240123;101119;166.080000000;3000;9454498459;S
20240123;101119;166.080000000;10;9454498460;S
20240123;101119;166.080000000;10;9454498461;S
20240123;101119;166.080000000;200;9454498462;S
20240123;101119;166.080000000;300;9454498463;S
20240123;101119;166.080000000;1000;9454498464;S
20240123;101119;166.080000000;10;9454498465;S
20240123;101119;166.080000000;3000;9454498466;S
20240123;101119;166.070000000;101240;9454498467;S
20240123;101119;166.280000000;1000;9454498468;S
20240123;101119;166.130000000;300;9454498470;S
20240123;101119;166.120000000;300;9454498473;S
20240123;101119;166.090000000;200;9454498474;S
20240123;101119;166.090000000;200;9454498475;S
20240123;101119;166.090000000;600;9454498476;S
20240123;101119;166.090000000;100;9454498477;S
20240123;101119;166.090000000;300;9454498478;S
20240123;101119;166.090000000;200;9454498479;S
20240123;101119;166.090000000;200;9454498480;S
20240123;101119;166.090000000;520;9454498481;S
20240123;101119;166.070000000;4490;9454498508;S
20240123;101119;166.070000000;4880;9454498509;S
20240123;101119;166.070000000;3720;9454498510;S
20240123;101119;166.080000000;300;9454498537;B
20240123;101119;166.080000000;700;9454498538;B
20240123;101119;166.080000000;160;9454498568;B
20240123;101119;166.070000000;200;9454498579;S
20240123;101119;166.070000000;100;9454498581;S
20240123;101119;166.070000000;1000;9454498624;S
20240123;101119;166.070000000;400;9454498625;S
20240123;101119;166.070000000;200;9454498626;S
20240123;101119;166.070000000;20;9454498627;S
20240123;101120;166.070000000;2000;9454498655;S
20240123;101120;166.070000000;60;9454498656;S
20240123;101120;166.070000000;60;9454498657;S
20240123;101120;166.070000000;360;9454498658;S
20240123;101120;166.070000000;440;9454498659;S
20240123;101120;166.070000000;40;9454498660;S
20240123;101120;166.070000000;720;9454498661;S
20240123;101120;166.070000000;400;9454498662;S
20240123;101120;166.070000000;100;9454498663;S
20240123;101120;166.070000000;100;9454498664;S
20240123;101120;166.070000000;200;9454498665;S
20240123;101120;166.070000000;200;9454498666;S
20240123;101120;166.070000000;500;9454498667;S
20240123;101120;166.070000000;200;9454498668;S
20240123;101120;166.070000000;340;9454498669;S
20240123;101120;166.070000000;50;9454498670;S
20240123;101120;166.070000000;20;9454498671;S
20240123;101120;166.070000000;10;9454498672;S
20240123;101120;166.070000000;10;9454498673;S
20240123;101120;166.070000000;10;9454498674;S
20240123;101120;166.070000000;50;9454498685;B
20240123;101120;166.060000000;10;9454498686;S
20240123;101120;166.060000000;10;9454498687;S
20240123;101120;166.060000000;10;9454498891;S
20240123;101120;166.060000000;10;9454498892;S
20240123;101120;166.060000000;20;9454498893;S
20240123;101120;166.060000000;10;9454498894;S
20240123;101120;166.060000000;10;9454498895;S
20240123;101120;166.060000000;10;9454498896;S
20240123;101120;166.060000000;40;9454498897;S
20240123;101120;166.060000000;10;9454498898;S
20240123;101120;166.060000000;110;9454498899;S
20240123;101120;166.060000000;20;9454498989;S
20240123;101121;166.060000000;10;9454499007;S
20240123;101121;166.060000000;10;9454499008;S
20240123;101121;166.060000000;10;9454499009;S
20240123;101121;166.060000000;10;9454499010;S
20240123;101121;166.060000000;40;9454499011;S
20240123;101121;166.060000000;10;9454499012;S
20240123;101121;166.060000000;20;9454499013;S
20240123;101121;166.060000000;20;9454499014;S
20240123;101121;166.060000000;10;9454499015;S
20240123;101121;166.060000000;20;9454499016;S
20240123;101121;166.060000000;10;9454499017;S
20240123;101121;166.060000000;10;9454499018;S
20240123;101121;166.060000000;20;9454499019;S
20240123;101121;166.060000000;10;9454499020;S
20240123;101121;166.060000000;10;9454499021;S
20240123;101121;166.060000000;40;9454499022;S
20240123;101121;166.060000000;30;9454499023;S
20240123;101121;166.060000000;10;9454499024;S
20240123;101121;166.060000000;10;9454499025;S
20240123;101121;166.060000000;90;9454499026;S
20240123;101121;166.060000000;10;9454499027;S
20240123;101121;166.060000000;10;9454499028;S
20240123;101121;166.060000000;150;9454499029;S
20240123;101121;166.060000000;10;9454499030;S
20240123;101121;166.060000000;30;9454499031;S
20240123;101121;166.060000000;70;9454499032;S
20240123;101121;166.060000000;10;9454499033;S
20240123;101122;166.050000000;10;9454499162;S
20240123;101122;166.050000000;50;9454499163;S
20240123;101122;166.050000000;40;9454499164;S
20240123;101122;166.050000000;10;9454499165;S
20240123;101122;166.050000000;10;9454499243;B
20240123;101123;166.040000000;30;9454499276;S
20240123;101123;166.040000000;30;9454499277;S
20240123;101123;166.040000000;10;9454499278;S
20240123;101123;166.040000000;80;9454499287;B
20240123;101124;166.030000000;50;9454499341;S
20240123;101124;166.030000000;250;9454499342;S
20240123;101124;166.030000000;90;9454499343;S
20240123;101124;166.030000000;30;9454499344;S
20240123;101124;166.030000000;630;9454499451;B
20240123;101124;166.030000000;210;9454499452;B
20240123;101124;166.040000000;210;9454499453;B
20240123;101124;166.040000000;300;9454499454;B
20240123;101124;166.050000000;210;9454499455;B
20240123;101124;166.060000000;210;9454499456;B
20240123;101124;166.070000000;210;9454499457;B
20240123;101124;166.070000000;1000;9454499458;B
20240123;101124;166.080000000;1000;9454499459;B
20240123;101124;166.080000000;210;9454499460;B
20240123;101124;166.080000000;670;9454499461;B
20240123;101124;166.090000000;210;9454499462;B
20240123;101124;166.090000000;1000;9454499463;B
20240123;101124;166.090000000;3430;9454499464;B
20240123;101125;166.050000000;210;9454499567;S
20240123;101129;166.050000000;10;9454500196;S
20240123;101131;166.050000000;200;9454500436;S
20240123;101131;166.050000000;10;9454500501;B
20240123;101131;166.050000000;10;9454500512;B
20240123;101132;166.040000000;10;9454500610;S
20240123;101136;166.050000000;210;9454501104;B
20240123;101136;166.060000000;10;9454501105;B
20240123;101136;166.060000000;210;9454501106;B
20240123;101136;166.060000000;3000;9454501107;B
20240123;101136;166.060000000;300;9454501108;B
20240123;101136;166.070000000;210;9454501109;B
20240123;101136;166.080000000;210;9454501110;B
20240123;101138;166.110000000;10;9454501435;S
20240123;101139;166.110000000;10;9454501478;S
20240123;101141;166.110000000;280;9454501837;S
20240123;101145;166.110000000;1000;9454502271;B
20240123;101147;166.110000000;50;9454502594;B
20240123;101149;166.110000000;20;9454502773;B
20240123;101149;166.110000000;1750;9454502782;B
20240123;101151;166.110000000;2100;9454503109;B
20240123;101152;166.110000000;100;9454503306;B
20240123;101153;166.110000000;500;9454503350;B
20240123;101154;166.110000000;250;9454503481;B
20240123;101155;166.110000000;1950;9454503524;B
20240123;101155;166.110000000;30;9454503525;B
20240123;101155;166.140000000;130;9454503638;S
20240123;101158;166.180000000;10;9454504061;B
20240123;101203;166.180000000;10;9454504685;B
20240123;101205;166.180000000;10;9454504978;B
20240123;101207;166.180000000;10;9454505249;B
20240123;101208;166.180000000;80;9454505379;B
20240123;101208;166.180000000;90;9454505402;B
20240123;101208;166.180000000;1990;9454505403;B
20240123;101209;166.180000000;50;9454505580;B
20240123;101211;166.170000000;100;9454505867;S
20240123;101214;166.170000000;40;9454506312;S
20240123;101219;166.170000000;1350;9454506867;S
20240123;101221;166.180000000;2060;9454507124;B
20240123;101221;166.180000000;210;9454507125;B
20240123;101221;166.180000000;1730;9454507126;B
20240123;101228;166.180000000;270;9454507966;B
20240123;101228;166.180000000;2350;9454507967;B
20240123;101230;166.190000000;50;9454508212;S
20240123;101230;166.190000000;300;9454508213;S
20240123;101230;166.170000000;10;9454508214;S
20240123;101230;166.170000000;10;9454508215;S
20240123;101230;166.170000000;10;9454508216;S
20240123;101230;166.170000000;1620;9454508217;S
20240123;101232;166.200000000;10;9454508378;B
20240123;101235;166.200000000;40;9454508739;B
20240123;101235;166.200000000;210;9454508740;B
20240123;101238;166.200000000;10;9454509220;S
20240123;101239;166.210000000;10;9454509422;B
20240123;101239;166.200000000;500;9454509450;S
20240123;101240;166.210000000;10;9454509525;B
20240123;101240;166.210000000;80;9454509591;B
20240123;101244;166.220000000;10;9454509956;B
20240123;101247;166.210000000;20;9454510209;S
20240123;101247;166.210000000;110;9454510240;S
20240123;101248;166.220000000;40;9454510285;B
20240123;101249;166.220000000;160;9454510355;B
20240123;101249;166.220000000;100;9454510356;B
20240123;101249;166.230000000;170;9454510357;B
20240123;101251;166.210000000;170;9454510653;S
20240123;101251;166.210000000;10;9454510654;S
20240123;101251;166.200000000;1740;9454510655;S
20240123;101251;166.200000000;1000;9454510656;S
20240123;101251;166.200000000;10;9454510657;S
20240123;101251;166.180000000;1000;9454510658;S
20240123;101251;166.170000000;680;9454510659;S
20240123;101251;166.160000000;3430;9454510660;S
20240123;101251;166.160000000;1810;9454510661;S
20240123;101251;166.150000000;2100;9454510662;S
20240123;101251;166.150000000;8000;9454510663;S
20240123;101251;166.140000000;100;9454510664;S
20240123;101251;166.130000000;10;9454510665;S
20240123;101251;166.130000000;10;9454510666;S
20240123;101251;166.130000000;190;9454510667;S
20240123;101251;166.130000000;200;9454510668;S
20240123;101251;166.130000000;210;9454510669;S
20240123;101251;166.120000000;30;9454510670;S
20240123;101251;166.120000000;2000;9454510671;S
20240123;101251;166.120000000;210;9454510672;S
20240123;101251;166.120000000;3000;9454510673;S
20240123;101251;166.120000000;1000;9454510674;S
20240123;101251;166.110000000;90;9454510675;S
20240123;101251;166.180000000;10;9454510708;B
20240123;101252;166.190000000;130;9454510767;B
20240123;101254;166.200000000;10;9454510948;B
20240123;101255;166.200000000;20;9454511079;B
20240123;101256;166.200000000;460;9454511194;B
20240123;101256;166.170000000;30;9454511243;S
20240123;101256;166.200000000;10;9454511249;B
20240123;101257;166.200000000;10;9454511302;B
20240123;101258;166.170000000;80;9454511391;S
20240123;101259;166.170000000;10;9454511558;S
20240123;101305;166.180000000;10;9454512122;B
20240123;101306;166.180000000;40;9454512250;B
20240123;101306;166.180000000;10;9454512356;B
20240123;101307;166.180000000;10;9454512438;B
20240123;101308;166.180000000;10;9454512600;B
20240123;101309;166.170000000;200;9454512679;S
20240123;101310;166.180000000;10;9454512838;B
20240123;101313;166.180000000;2060;9454513056;B
20240123;101313;166.190000000;300;9454513057;B
20240123;101313;166.190000000;50;9454513058;B
20240123;101316;166.170000000;10;9454513494;S
20240123;101317;166.190000000;20;9454513650;B
20240123;101317;166.200000000;10;9454513651;B
20240123;101317;166.200000000;10;9454513675;B
20240123;101318;166.200000000;10;9454513765;B
20240123;101319;166.200000000;30;9454513908;B
20240123;101319;166.170000000;270;9454513928;S
20240123;101320;166.170000000;10;9454513986;B
20240123;101322;166.170000000;60;9454514219;B
20240123;101322;166.170000000;10;9454514246;B
20240123;101331;166.160000000;10;9454515474;S
20240123;101334;166.170000000;10;9454515889;B
20240123;101335;166.170000000;20;9454516039;B
20240123;101336;166.170000000;160;9454516132;B
20240123;101336;166.170000000;10;9454516133;B
20240123;101339;166.180000000;10;9454516359;B
20240123;101339;166.170000000;50;9454516361;S
20240123;101339;166.170000000;10;9454516362;S
20240123;101341;166.180000000;30;9454516605;B
20240123;101342;166.180000000;10;9454516704;B
20240123;101344;166.170000000;990;9454516903;S
20240123;101344;166.170000000;300;9454516904;S
20240123;101344;166.170000000;830;9454516905;S
20240123;101345;166.170000000;1170;9454517084;S
20240123;101345;166.170000000;20;9454517085;S
20240123;101345;166.170000000;10;9454517086;S
20240123;101345;166.160000000;1770;9454517087;S
20240123;101345;166.160000000;300;9454517088;S
20240123;101345;166.130000000;1810;9454517089;S
20240123;101345;166.130000000;60;9454517090;S
20240123;101345;166.120000000;1000;9454517091;S
20240123;101345;166.120000000;280;9454517092;S
20240123;101345;166.120000000;10;9454517093;S
20240123;101345;166.120000000;340;9454517094;S
20240123;101345;166.110000000;530;9454517095;S
20240123;101348;166.170000000;200;9454517406;S
20240123;101349;166.170000000;30;9454517515;S
20240123;101352;166.170000000;20;9454518070;S
20240123;101352;166.170000000;10;9454518071;S
20240123;101352;166.170000000;560;9454518072;S
20240123;101352;166.160000000;910;9454518073;S
20240123;101353;166.160000000;90;9454518310;S
20240123;101353;166.150000000;130;9454518311;S
20240123;101354;166.180000000;10;9454518377;B
20240123;101355;166.180000000;10;9454518428;B
20240123;101355;166.150000000;10;9454518430;S
20240123;101356;166.180000000;10;9454518684;B
20240123;101400;166.180000000;30;9454519277;B
20240123;101400;166.180000000;10;9454519325;B
20240123;101402;166.180000000;10;9454519609;B
20240123;101404;166.180000000;10;9454519928;B
20240123;101405;166.180000000;10;9454520069;B
20240123;101406;166.160000000;20;9454520181;S
20240123;101407;166.180000000;350;9454520326;B
20240123;101407;166.180000000;2050;9454520327;B
20240123;101408;166.190000000;10;9454520409;B
20240123;101410;166.200000000;10;9454520597;B
20240123;101413;166.180000000;1000;9454520925;S
20240123;101413;166.180000000;20;9454520960;S
20240123;101418;166.180000000;100;9454521580;S
20240123;101421;166.200000000;50;9454522114;B
20240123;101426;166.180000000;1000;9454522881;S
20240123;101426;166.200000000;800;9454522894;B
20240123;101431;166.190000000;10;9454523652;B
20240123;101431;166.200000000;10;9454523653;B
20240123;101431;166.200000000;1900;9454523658;B
20240123;101431;166.200000000;30;9454523659;B
20240123;101431;166.200000000;220;9454523660;B
20240123;101431;166.200000000;10;9454523661;B
20240123;101431;166.200000000;10;9454523662;B
20240123;101432;166.200000000;50;9454523713;S
20240123;101433;166.200000000;1000;9454523811;S
20240123;101433;166.210000000;100;9454523821;B
20240123;101433;166.220000000;210;9454523822;B
20240123;101433;166.220000000;100;9454523823;B
20240123;101433;166.230000000;40;9454523824;B
20240123;101433;166.230000000;100;9454523825;B
20240123;101433;166.240000000;210;9454523826;B
20240123;101433;166.240000000;40;9454523827;B
20240123;101433;166.200000000;30;9454523903;S
20240123;101438;166.220000000;10;9454524464;B
20240123;101438;166.230000000;100;9454524465;B
20240123;101438;166.230000000;210;9454524466;B
20240123;101438;166.240000000;210;9454524467;B
20240123;101438;166.240000000;410;9454524468;B
20240123;101438;166.250000000;210;9454524469;B
20240123;101438;166.250000000;1000;9454524470;B
20240123;101438;166.250000000;3620;9454524471;B
20240123;101438;166.260000000;2230;9454524472;B
20240123;101440;166.210000000;1000;9454524604;S
20240123;101440;166.250000000;800;9454524607;B
20240123;101441;166.240000000;10;9454524673;S
20240123;101441;166.240000000;10;9454524756;S
20240123;101441;166.200000000;90;9454524757;S
20240123;101447;166.220000000;10;9454525385;S
20240123;101447;166.210000000;990;9454525386;S
20240123;101447;166.240000000;10;9454525388;B
20240123;101447;166.250000000;210;9454525389;B
20240123;101447;166.260000000;210;9454525390;B
20240123;101447;166.260000000;370;9454525391;B
20240123;101449;166.250000000;50;9454525742;B
20240123;101450;166.260000000;20;9454525988;B
20240123;101451;166.260000000;130;9454526385;B
20240123;101451;166.260000000;60;9454526396;B
20240123;101451;166.260000000;430;9454526397;B
20240123;101451;166.260000000;300;9454526398;B
20240123;101451;166.260000000;3000;9454526399;B
20240123;101451;166.270000000;210;9454526400;B
20240123;101451;166.270000000;1020;9454526401;B
20240123;101452;166.220000000;1810;9454526456;S
20240123;101452;166.210000000;1660;9454526457;S
20240123;101452;166.200000000;1660;9454526458;S
20240123;101452;166.200000000;540;9454526459;S
20240123;101452;166.200000000;300;9454526460;S
20240123;101452;166.180000000;480;9454526461;S
20240123;101452;166.180000000;200;9454526462;S
20240123;101452;166.180000000;120;9454526463;S
20240123;101452;166.180000000;30;9454526464;S
20240123;101452;166.170000000;400;9454526465;S
20240123;101452;166.170000000;140;9454526466;S
20240123;101452;166.170000000;210;9454526467;S
20240123;101452;166.160000000;3620;9454526468;S
20240123;101452;166.160000000;100;9454526469;S
20240123;101452;166.160000000;210;9454526470;S
20240123;101452;166.150000000;520;9454526471;S
20240123;101453;166.230000000;20;9454526685;B
20240123;101454;166.210000000;100;9454526717;S
20240123;101454;166.170000000;120;9454526718;S
20240123;101454;166.160000000;780;9454526719;S
20240123;101454;166.230000000;280;9454526722;B
20240123;101454;166.240000000;210;9454526723;B
20240123;101454;166.240000000;310;9454526724;B
20240123;101454;166.170000000;300;9454526749;S
20240123;101454;166.230000000;300;9454526774;B
20240123;101454;166.240000000;690;9454526775;B
20240123;101454;166.240000000;10;9454526776;B
20240123;101500;166.240000000;10;9454527524;B
20240123;101501;166.210000000;50;9454527684;S
20240123;101501;166.200000000;950;9454527685;S
20240123;101501;166.250000000;200;9454527687;B
20240123;101501;166.250000000;600;9454527688;B
20240123;101504;166.190000000;10;9454528272;S
20240123;101505;166.230000000;10;9454528655;B
20240123;101508;166.170000000;60;9454529005;S
20240123;101508;166.170000000;240;9454529040;S
20240123;101508;166.160000000;100;9454529041;S
20240123;101508;166.160000000;500;9454529042;S
20240123;101508;166.150000000;160;9454529043;S
20240123;101508;166.220000000;10;9454529045;B
20240123;101508;166.220000000;10;9454529046;B
20240123;101508;166.230000000;300;9454529047;B
20240123;101508;166.230000000;480;9454529048;B
20240123;101509;166.220000000;300;9454529234;B
20240123;101509;166.230000000;30;9454529235;B
20240123;101509;166.230000000;670;9454529236;B
20240123;101514;166.230000000;10;9454530194;B
20240123;101515;166.200000000;40;9454530337;S
20240123;101515;166.170000000;510;9454530338;S
20240123;101515;166.160000000;450;9454530339;S
20240123;101515;166.230000000;10;9454530341;B
20240123;101515;166.230000000;300;9454530342;B
20240123;101515;166.240000000;210;9454530343;B
20240123;101515;166.250000000;100;9454530344;B
20240123;101520;166.180000000;20;9454531366;S
20240123;101521;166.210000000;300;9454531574;B
20240123;101521;166.210000000;1600;9454531575;B
20240123;101522;166.160000000;300;9454531606;S
20240123;101522;166.150000000;700;9454531607;S
20240123;101523;166.200000000;300;9454531820;B
20240123;101523;166.200000000;10;9454531821;B
20240123;101523;166.210000000;1690;9454531822;B
20240123;101529;166.170000000;20;9454532858;S
20240123;101529;166.150000000;550;9454532859;S
20240123;101530;166.210000000;10;9454532993;B
20240123;101539;166.210000000;10;9454534728;B
20240123;101540;166.160000000;10;9454534959;S
20240123;101543;166.160000000;110;9454535564;S
20240123;101543;166.160000000;10;9454535664;S
20240123;101544;166.160000000;20;9454535911;S
20240123;101550;166.200000000;30;9454537010;B
20240123;101551;166.150000000;40;9454537168;S
20240123;101555;166.160000000;10;9454537785;B
20240123;101556;166.160000000;10;9454537951;B
20240123;101557;166.150000000;10;9454538119;S
20240123;101557;166.160000000;180;9454538243;B
20240123;101557;166.190000000;20;9454538244;B
20240123;101601;166.160000000;10;9454539044;S
20240123;101602;166.160000000;80;9454539389;S
20240123;101602;166.160000000;10;9454539390;S
20240123;101602;166.160000000;50;9454539391;S
20240123;101604;166.160000000;100;9454539598;B
20240123;101608;166.160000000;1000;9454540467;B
20240123;101608;166.150000000;500;9454540518;S
20240123;101615;166.160000000;2750;9454541776;B
20240123;101615;166.160000000;10;9454541777;B
20240123;101615;166.160000000;50;9454541778;B
20240123;101615;166.180000000;300;9454541779;B
20240123;101615;166.190000000;80;9454541780;B
20240123;101615;166.190000000;1810;9454541781;B
20240123;101615;166.200000000;210;9454541782;B
20240123;101615;166.200000000;790;9454541783;B
20240123;101617;166.150000000;570;9454542216;S
20240123;101619;166.150000000;1810;9454542554;S
20240123;101619;166.150000000;20;9454542555;S
20240123;101619;166.150000000;100;9454542556;S
20240123;101619;166.150000000;40;9454542557;S
20240123;101619;166.150000000;1190;9454542558;S
20240123;101620;166.150000000;280;9454542769;B
20240123;101624;166.140000000;10;9454543414;S
20240123;101625;166.150000000;1560;9454543536;B
20240123;101625;166.150000000;40;9454543565;B
20240123;101628;166.140000000;600;9454544067;S
20240123;101628;166.150000000;40;9454544073;B
20240123;101629;166.150000000;2000;9454544168;B
20240123;101631;166.150000000;10;9454544480;B
20240123;101631;166.140000000;20;9454544490;S
20240123;101634;166.150000000;20;9454544888;B
20240123;101636;166.150000000;10;9454545065;B
20240123;101637;166.150000000;120;9454545253;B
20240123;101638;166.140000000;210;9454545424;S
20240123;101638;166.140000000;220;9454545425;S
20240123;101638;166.140000000;10;9454545426;S
20240123;101638;166.140000000;160;9454545427;S
20240123;101644;166.150000000;760;9454546390;B
20240123;101644;166.150000000;160;9454546391;B
20240123;101644;166.170000000;1810;9454546392;B
20240123;101644;166.180000000;300;9454546393;B
20240123;101644;166.180000000;1970;9454546394;B
20240123;101653;166.140000000;10;9454547929;B
20240123;101656;166.140000000;270;9454548267;B
20240123;101656;166.150000000;80;9454548268;B
20240123;101659;166.130000000;10;9454548646;S
20240123;101659;166.120000000;100;9454548647;S
20240123;101659;166.120000000;10;9454548648;S
20240123;101659;166.120000000;250;9454548649;S
20240123;101659;166.110000000;1630;9454548650;S
20240123;101702;166.130000000;230;9454549073;S
20240123;101703;166.110000000;770;9454549291;S
20240123;101703;166.110000000;460;9454549292;S
20240123;101703;166.110000000;10;9454549293;S
20240123;101703;166.110000000;50;9454549294;S
20240123;101703;166.110000000;500;9454549295;S
20240123;101703;166.110000000;30;9454549296;S
20240123;101703;166.110000000;300;9454549297;S
20240123;101703;166.110000000;100;9454549298;S
20240123;101703;166.110000000;50;9454549299;S
20240123;101703;166.110000000;50;9454549300;S
20240123;101703;166.110000000;20;9454549414;B
20240123;101706;166.100000000;20;9454550012;S
20240123;101714;166.100000000;300;9454551272;S
20240123;101714;166.100000000;600;9454551273;S
20240123;101714;166.100000000;80;9454551274;S
20240123;101714;166.100000000;10;9454551275;S
20240123;101714;166.100000000;1110;9454551276;S
20240123;101714;166.100000000;400;9454551277;S
20240123;101714;166.100000000;1490;9454551278;S
20240123;101714;166.100000000;10;9454551279;S
20240123;101714;166.100000000;40;9454551280;S
20240123;101714;166.100000000;900;9454551281;S
20240123;101714;166.100000000;10;9454551282;S
20240123;101714;166.100000000;100;9454551283;S
20240123;101714;166.100000000;10;9454551284;S
20240123;101714;166.100000000;250;9454551285;S
20240123;101714;166.090000000;1000;9454551286;S
20240123;101714;166.090000000;10;9454551323;S
20240123;101714;166.090000000;90;9454551324;S
20240123;101714;166.090000000;300;9454551334;S
20240123;101714;166.090000000;500;9454551371;S
20240123;101715;166.090000000;10;9454551457;S
20240123;101715;166.090000000;100;9454551471;S
20240123;101715;166.090000000;20;9454551472;S
20240123;101715;166.090000000;10;9454551473;S
20240123;101715;166.090000000;10;9454551474;S
20240123;101715;166.090000000;170;9454551475;S
20240123;101716;166.090000000;20;9454551595;S
20240123;101717;166.100000000;10;9454551708;B
20240123;101719;166.100000000;40;9454551927;B
20240123;101722;166.100000000;100;9454552455;B
20240123;101724;166.090000000;200;9454552711;S
20240123;101724;166.100000000;30;9454552743;B
20240123;101728;166.100000000;50;9454553245;B
20240123;101728;166.100000000;20;9454553309;B
20240123;101733;166.090000000;1200;9454553782;S
20240123;101733;166.100000000;30;9454553868;B
20240123;101735;166.090000000;70;9454554282;S
20240123;101736;166.090000000;340;9454554583;S
20240123;101736;166.090000000;10;9454554584;S
20240123;101736;166.090000000;10;9454554585;S
20240123;101736;166.080000000;100;9454554586;S
20240123;101736;166.080000000;100;9454554587;S
20240123;101736;166.070000000;1640;9454554588;S
20240123;101736;166.070000000;360;9454554589;S
20240123;101736;166.060000000;30;9454554590;S
20240123;101736;166.060000000;10;9454554591;S
20240123;101736;166.060000000;210;9454554592;S
20240123;101736;166.060000000;1000;9454554593;S
20240123;101736;166.060000000;790;9454554594;S
20240123;101737;166.050000000;20;9454554605;S
20240123;101737;166.050000000;50;9454554606;S
20240123;101737;166.050000000;10;9454554607;S
20240123;101737;166.040000000;10;9454554609;S
20240123;101737;166.040000000;200;9454554610;S
20240123;101737;166.040000000;200;9454554820;S
20240123;101738;166.040000000;720;9454554838;S
20240123;101738;166.040000000;1560;9454554839;S
20240123;101738;166.040000000;100;9454554840;S
20240123;101738;166.040000000;100;9454554841;S
20240123;101738;166.050000000;10;9454555040;B
20240123;101741;166.050000000;10;9454555454;B
20240123;101743;166.040000000;1000;9454555735;S
20240123;101744;166.040000000;1500;9454555743;S
20240123;101744;166.040000000;1100;9454555744;S
20240123;101744;166.040000000;400;9454555745;S
20240123;101744;166.040000000;100;9454555746;S
20240123;101744;166.040000000;1500;9454555747;S
20240123;101744;166.040000000;360;9454555846;S
20240123;101747;166.050000000;20;9454556115;B
20240123;101750;166.040000000;1160;9454556476;S
20240123;101750;166.030000000;1000;9454556477;S
20240123;101750;166.030000000;50;9454556478;S
20240123;101750;166.020000000;10;9454556479;S
20240123;101750;166.020000000;370;9454556480;S
20240123;101751;166.020000000;20;9454556540;S
20240123;101752;166.030000000;80;9454556613;B
20240123;101753;166.020000000;20;9454556729;S
20240123;101754;166.030000000;2420;9454556849;B
20240123;101754;166.040000000;210;9454556850;B
20240123;101754;166.050000000;210;9454556851;B
20240123;101754;166.050000000;300;9454556852;B
20240123;101754;166.060000000;210;9454556853;B
20240123;101754;166.060000000;880;9454556854;B
20240123;101754;166.060000000;1810;9454556855;B
20240123;101754;166.070000000;210;9454556856;B
20240123;101754;166.070000000;5000;9454556857;B
20240123;101754;166.080000000;210;9454556858;B
20240123;101754;166.080000000;3620;9454556859;B
20240123;101756;166.080000000;80;9454557183;S
20240123;101800;166.090000000;10;9454557529;B
20240123;101805;166.090000000;50;9454558088;B
20240123;101806;166.090000000;30;9454558172;B
20240123;101806;166.090000000;20;9454558173;B
20240123;101807;166.080000000;3600;9454558226;S
20240123;101813;166.080000000;100;9454558904;S
20240123;101817;166.090000000;2330;9454559268;B
20240123;101820;166.080000000;50;9454559463;S
20240123;101820;166.090000000;10;9454559534;B
20240123;101823;166.090000000;10;9454559768;B
20240123;101827;166.080000000;3500;9454560204;S
20240123;101827;166.090000000;1870;9454560281;B
20240123;101827;166.090000000;10;9454560282;B
20240123;101827;166.090000000;10;9454560283;B
20240123;101827;166.090000000;10;9454560284;B
20240123;101827;166.090000000;50;9454560285;B
20240123;101827;166.090000000;20;9454560286;B
20240123;101828;166.100000000;10;9454560359;B
20240123;101828;166.100000000;190;9454560360;B
20240123;101830;166.090000000;30;9454560673;S
20240123;101830;166.090000000;230;9454560674;S
20240123;101830;166.090000000;30;9454560698;S
20240123;101830;166.100000000;500;9454560707;B
20240123;101834;166.100000000;10;9454561057;B
20240123;101836;166.090000000;10;9454561252;S
20240123;101845;166.090000000;20;9454562212;S
20240123;101849;166.090000000;20;9454562930;S
20240123;101852;166.090000000;500;9454563345;S
20240123;101854;166.090000000;60;9454563844;S
20240123;101856;166.100000000;10;9454564312;B
20240123;101857;166.100000000;10;9454564596;B
20240123;101859;166.090000000;420;9454564895;S
20240123;101859;166.090000000;50;9454564896;S
20240123;101859;166.090000000;30;9454564897;S
20240123;101859;166.090000000;80;9454564898;S
20240123;101903;166.100000000;1280;9454565511;B
20240123;101903;166.100000000;2000;9454565512;B
20240123;101903;166.130000000;300;9454565513;B
20240123;101903;166.130000000;210;9454565514;B
20240123;101903;166.140000000;500;9454565515;B
20240123;101903;166.140000000;210;9454565516;B
20240123;101903;166.140000000;50;9454565517;B
20240123;101903;166.140000000;440;9454565518;B
20240123;101903;166.140000000;1710;9454565519;B
20240123;101903;166.150000000;130;9454565520;B
20240123;101903;166.150000000;500;9454565521;B
20240123;101903;166.150000000;210;9454565522;B
20240123;101903;166.150000000;10;9454565523;B
20240123;101903;166.150000000;5000;9454565524;B
20240123;101903;166.150000000;500;9454565525;B
20240123;101903;166.150000000;300;9454565526;B
20240123;101903;166.160000000;500;9454565527;B
20240123;101903;166.160000000;500;9454565528;B
20240123;101903;166.160000000;210;9454565529;B
20240123;101903;166.160000000;2000;9454565530;B
20240123;101903;166.170000000;500;9454565531;B
20240123;101903;166.170000000;2940;9454565532;B
20240123;101904;166.170000000;10;9454565552;B
20240123;101911;166.150000000;30;9454566602;B
20240123;101911;166.150000000;20;9454566603;B
20240123;101913;166.150000000;10;9454566846;B
20240123;101914;166.150000000;100;9454566983;B
20240123;101915;166.120000000;500;9454567065;S
20240123;101919;166.150000000;10;9454567534;B
20240123;101921;166.100000000;10;9454567825;S
20240123;101922;166.120000000;10;9454567938;B
20240123;101934;166.100000000;30;9454569436;S
20240123;101937;166.120000000;10;9454569798;B
20240123;101940;166.110000000;30;9454570581;B
20240123;101941;166.110000000;30;9454570854;B
20240123;101941;166.110000000;10;9454570893;B
20240123;101942;166.100000000;10;9454570978;S
20240123;101942;166.100000000;400;9454570979;S
20240123;101942;166.100000000;590;9454570980;S
20240123;101942;166.110000000;30;9454571174;B
20240123;101945;166.110000000;100;9454572029;B
20240123;101945;166.110000000;100;9454572030;B
20240123;101945;166.110000000;100;9454572082;B
20240123;101949;166.110000000;60;9454572433;B
20240123;101956;166.100000000;10;9454573240;S
20240123;102007;166.110000000;10;9454574702;B
20240123;102009;166.100000000;270;9454575154;S
20240123;102009;166.090000000;200;9454575156;S
20240123;102012;166.100000000;20;9454575538;B
20240123;102014;166.090000000;10;9454575796;S
20240123;102015;166.100000000;180;9454575976;B
20240123;102015;166.100000000;10;9454575977;B
20240123;102015;166.100000000;1310;9454575978;B
20240123;102015;166.090000000;80;9454576054;S
20240123;102015;166.090000000;10;9454576055;S
20240123;102015;166.090000000;410;9454576056;S
20240123;102018;166.090000000;240;9454576281;S
20240123;102018;166.090000000;40;9454576282;S
20240123;102018;166.090000000;720;9454576283;S
20240123;102021;166.100000000;10;9454576800;B
20240123;102028;166.090000000;10;9454577463;S
20240123;102030;166.100000000;10;9454577676;B
20240123;102037;166.090000000;270;9454578553;S
20240123;102037;166.090000000;10;9454578554;S
20240123;102037;166.090000000;10;9454578555;S
20240123;102037;166.090000000;10;9454578556;S
20240123;102037;166.090000000;60;9454578557;S
20240123;102038;166.090000000;100;9454578639;B
20240123;102043;166.090000000;10;9454579278;B
20240123;102045;166.090000000;600;9454579427;B
20240123;102046;166.090000000;10;9454579535;B
20240123;102046;166.090000000;10;9454579542;B
20240123;102050;166.090000000;30;9454580076;B
20240123;102050;166.090000000;10;9454580081;B
20240123;102050;166.080000000;2000;9454580100;S
20240123;102053;166.090000000;10;9454580436;B
20240123;102053;166.080000000;4000;9454580552;S
20240123;102100;166.080000000;4580;9454582026;S
20240123;102100;166.080000000;6490;9454582125;S
20240123;102101;166.080000000;100;9454582222;S
20240123;102103;166.090000000;150;9454582619;B
20240123;102106;166.080000000;60;9454582995;S
20240123;102106;166.090000000;230;9454583097;B
20240123;102107;166.090000000;1200;9454583196;B
20240123;102109;166.090000000;280;9454583367;B
20240123;102109;166.090000000;320;9454583368;B
20240123;102109;166.090000000;100;9454583452;B
20240123;102114;166.090000000;500;9454584014;B
20240123;102117;166.090000000;10;9454584353;B
20240123;102117;166.090000000;50;9454584372;B
20240123;102118;166.090000000;40;9454584491;B
20240123;102126;166.080000000;1000;9454585333;S
20240123;102131;166.090000000;10;9454585885;B
20240123;102131;166.080000000;1510;9454585940;S
20240123;102132;166.090000000;100;9454586155;B
20240123;102138;166.090000000;1190;9454587006;B
20240123;102138;166.090000000;230;9454587007;B
20240123;102138;166.090000000;8580;9454587008;B
20240123;102139;166.080000000;60;9454587089;S
20240123;102145;166.090000000;10;9454587823;B
20240123;102147;166.090000000;10;9454588034;B
20240123;102148;166.080000000;7050;9454588136;S
20240123;102148;166.080000000;7050;9454588137;S
20240123;102148;166.080000000;3690;9454588141;S
20240123;102148;166.080000000;40;9454588142;S
20240123;102148;166.080000000;1000;9454588143;S
20240123;102148;166.080000000;50;9454588144;S
20240123;102148;166.080000000;100;9454588145;S
20240123;102148;166.080000000;100;9454588146;S
20240123;102148;166.080000000;70;9454588147;S
20240123;102148;166.080000000;500;9454588148;S
20240123;102148;166.080000000;10;9454588149;S
20240123;102148;166.060000000;10;9454588185;S
20240123;102149;166.060000000;230;9454588214;S
20240123;102149;166.050000000;270;9454588215;S
20240123;102150;166.050000000;250;9454588394;S
20240123;102158;166.070000000;10;9454589266;B
20240123;102204;166.070000000;500;9454589845;B
20240123;102207;166.070000000;490;9454590294;B
20240123;102207;166.070000000;2050;9454590295;B
20240123;102207;166.080000000;210;9454590296;B
20240123;102207;166.080000000;300;9454590297;B
20240123;102207;166.090000000;210;9454590298;B
20240123;102207;166.090000000;260;9454590299;B
20240123;102207;166.100000000;320;9454590300;B
20240123;102207;166.100000000;500;9454590301;B
20240123;102207;166.100000000;20;9454590302;B
20240123;102207;166.100000000;10;9454590303;B
20240123;102207;166.100000000;10;9454590304;B
20240123;102207;166.100000000;400;9454590305;B
20240123;102207;166.100000000;210;9454590306;B
20240123;102207;166.100000000;5000;9454590307;B
20240123;102207;166.110000000;10;9454590308;B
20240123;102212;166.070000000;10;9454590758;S
20240123;102215;166.090000000;600;9454590983;B
20240123;102220;166.070000000;20;9454591510;S
20240123;102220;166.070000000;10;9454591517;S
20240123;102220;166.070000000;10;9454591518;S
20240123;102221;166.070000000;10;9454591524;S
20240123;102231;166.070000000;10;9454592820;B
20240123;102231;166.080000000;320;9454592821;B
20240123;102232;166.060000000;10;9454592861;S
20240123;102232;166.060000000;300;9454592862;S
20240123;102232;166.060000000;180;9454592863;S
20240123;102234;166.070000000;20;9454593191;B
20240123;102234;166.080000000;130;9454593192;B
20240123;102235;166.070000000;10;9454593271;B
20240123;102235;166.070000000;10;9454593276;B
20240123;102235;166.080000000;90;9454593277;B
20240123;102235;166.060000000;10;9454593299;S
20240123;102236;166.070000000;20;9454593359;B
20240123;102236;166.070000000;10;9454593364;S
20240123;102239;166.070000000;10;9454593709;B
20240123;102239;166.070000000;10;9454593720;S
20240123;102239;166.080000000;10;9454593746;B
20240123;102239;166.080000000;10;9454593764;B
20240123;102239;166.080000000;40;9454593770;B
20240123;102239;166.080000000;380;9454593771;B
20240123;102251;166.100000000;10;9454595112;B
20240123;102252;166.080000000;100;9454595181;S
20240123;102252;166.100000000;490;9454595190;B
20240123;102252;166.100000000;10;9454595191;B
20240123;102252;166.100000000;210;9454595192;B
20240123;102254;166.110000000;100;9454595467;B
