<DATE>;<TIME>;<LAST>;<VOL>;<ID>;<OPER>
20240119;095932;166.520000000;10;9445285260;S
20240119;095932;166.520000000;60;9445285261;S
20240119;095932;166.520000000;100;9445285262;S
20240119;095932;166.520000000;10;9445285263;S
20240119;095932;166.520000000;10;9445285264;S
20240119;095932;166.520000000;40;9445285265;S
20240119;095932;166.520000000;80;9445285266;S
20240119;095932;166.520000000;20;9445285267;S
20240119;095932;166.520000000;30;9445285268;S
20240119;095932;166.520000000;50;9445285269;S
20240119;095932;166.520000000;10;9445285270;S
20240119;095932;166.520000000;90;9445285271;S
20240119;095932;166.520000000;40;9445285272;S
20240119;095932;166.520000000;30;9445285273;S
20240119;095932;166.520000000;30;9445285274;S
20240119;095932;166.520000000;200;9445285275;S
20240119;095932;166.520000000;120;9445285276;S
20240119;095932;166.520000000;10;9445285277;B
20240119;095932;166.520000000;400;9445285278;B
20240119;095932;166.520000000;100;9445285279;B
20240119;095932;166.520000000;30;9445285280;B
20240119;095932;166.520000000;10;9445285281;B
20240119;095932;166.520000000;10;9445285282;B
20240119;095932;166.520000000;20;9445285283;B
20240119;095932;166.520000000;100;9445285284;B
20240119;095932;166.520000000;10;9445285285;B
20240119;095932;166.520000000;10;9445285286;B
20240119;095932;166.520000000;10;9445285287;B
20240119;095932;166.520000000;50;9445285288;B
20240119;095932;166.520000000;10;9445285289;B
20240119;095932;166.520000000;10;9445285290;B
20240119;095932;166.520000000;260;9445285291;B
20240119;095932;166.520000000;10;9445285292;B
20240119;095932;166.520000000;50;9445285293;B
20240119;095932;166.520000000;10;9445285294;B
20240119;095932;166.520000000;10;9445285295;B
20240119;095932;166.520000000;100;9445285296;B
20240119;095932;166.520000000;250;9445285297;B
20240119;095932;166.520000000;100;9445285298;B
20240119;095932;166.520000000;20;9445285299;B
20240119;095932;166.520000000;30;9445285300;B
20240119;095932;166.520000000;10;9445285301;B
20240119;095932;166.520000000;130;9445285302;B
20240119;095932;166.520000000;30;9445285303;B
20240119;095932;166.520000000;200;9445285304;B
20240119;095932;166.520000000;20;9445285305;B
20240119;095932;166.520000000;30;9445285306;B
20240119;095932;166.520000000;20;9445285307;B
20240119;095932;166.520000000;10;9445285308;S
20240119;095932;166.520000000;100;9445285309;B
20240119;095932;166.520000000;460;9445285310;B
20240119;095932;166.520000000;800;9445285311;B
20240119;095932;166.520000000;10;9445285312;B
20240119;095932;166.520000000;1000;9445285313;B
20240119;095932;166.520000000;1010;9445285314;B
20240119;095932;166.520000000;40;9445285315;S
20240119;095932;166.520000000;100;9445285316;S
20240119;095932;166.520000000;410;9445285317;B
20240119;095932;166.520000000;850;9445285318;B
20240119;095932;166.520000000;20;9445285319;B
20240119;095932;166.520000000;500;9445285320;B
20240119;095932;166.520000000;10;9445285321;S
20240119;095932;166.520000000;990;9445285322;S
20240119;095932;166.520000000;50;9445285323;S
20240119;095932;166.520000000;1240;9445285324;B
20240119;095932;166.520000000;4780;9445285325;B
20240119;095932;166.520000000;10;9445285326;B
20240119;095932;166.520000000;50;9445285327;B
20240119;095932;166.520000000;30;9445285328;B
20240119;095932;166.520000000;4130;9445285329;B
20240119;095932;166.520000000;150;9445285330;B
20240119;095932;166.520000000;10;9445285331;S
20240119;095932;166.520000000;20;9445285332;B
20240119;095932;166.520000000;10;9445285333;S
20240119;095932;166.520000000;50;9445285334;S
20240119;095932;166.520000000;10;9445285335;B
20240119;095932;166.520000000;100;9445285336;B
20240119;095932;166.520000000;10;9445285337;B
20240119;095932;166.520000000;100;9445285338;S
20240119;095932;166.520000000;10;9445285339;S
20240119;095932;166.520000000;30;9445285340;S
20240119;095932;166.520000000;600;9445285341;S
20240119;095932;166.520000000;100;9445285342;S
20240119;095932;166.520000000;4660;9445285343;B
20240119;095932;166.520000000;120;9445285344;S
20240119;095932;166.520000000;190;9445285345;B
20240119;095932;166.520000000;5000;9445285346;B
20240119;095932;166.520000000;300;9445285347;S
20240119;095932;166.520000000;10;9445285348;S
20240119;095932;166.520000000;90;9445285349;S
20240119;095932;166.520000000;290;9445285350;S
20240119;095932;166.520000000;10;9445285351;S
20240119;095932;166.520000000;50;9445285352;S
20240119;095932;166.520000000;30;9445285353;S
20240119;095932;166.520000000;530;9445285354;S
20240119;095932;166.520000000;220;9445285355;S
20240119;095932;166.520000000;10;9445285356;S
20240119;095932;166.520000000;100;9445285357;S
20240119;095932;166.520000000;20;9445285358;S
20240119;095932;166.520000000;50;9445285359;S
20240119;095932;166.520000000;20;9445285360;S
20240119;095932;166.520000000;10;9445285361;B
20240119;095932;166.520000000;2070;9445285362;B
20240119;095932;166.520000000;1430;9445285363;B
20240119;095932;166.520000000;20;9445285364;B
20240119;095932;166.520000000;2000;9445285365;B
20240119;095932;166.520000000;10;9445285366;B
20240119;095932;166.520000000;6540;9445285367;B
20240119;095932;166.520000000;1000;9445285368;B
20240119;095932;166.520000000;70;9445285369;S
20240119;095932;166.520000000;40;9445285370;S
20240119;095932;166.520000000;10;9445285371;S
20240119;095932;166.520000000;10;9445285372;S
20240119;095932;166.520000000;20;9445285373;S
20240119;095932;166.520000000;1000;9445285374;S
20240119;095932;166.520000000;10;9445285375;S
20240119;095932;166.520000000;30;9445285376;S
20240119;095932;166.520000000;10;9445285377;S
20240119;095932;166.520000000;10;9445285378;S
20240119;095932;166.520000000;10;9445285379;S
20240119;095932;166.520000000;1240;9445285380;S
20240119;095932;166.520000000;50;9445285381;S
20240119;095932;166.520000000;500;9445285382;S
20240119;095932;166.520000000;210;9445285383;B
20240119;095932;166.520000000;10;9445285384;B
20240119;095932;166.520000000;10;9445285385;B
20240119;095932;166.520000000;20;9445285386;B
20240119;095932;166.520000000;10;9445285387;B
20240119;095932;166.520000000;10;9445285388;B
20240119;095932;166.520000000;10;9445285389;S
20240119;095932;166.520000000;10;9445285390;S
20240119;095932;166.520000000;90;9445285391;S
20240119;095932;166.520000000;10;9445285392;S
20240119;095932;166.520000000;30;9445285393;S
20240119;095932;166.520000000;10;9445285394;S
20240119;095932;166.520000000;10;9445285395;S
20240119;095932;166.520000000;20;9445285396;B
20240119;095932;166.520000000;30;9445285397;B
20240119;095932;166.520000000;10;9445285398;B
20240119;095932;166.520000000;70;9445285399;B
20240119;095932;166.520000000;50;9445285400;B
20240119;095932;166.520000000;10;9445285401;B
20240119;095932;166.520000000;250;9445285402;S
20240119;095932;166.520000000;120;9445285403;S
20240119;095932;166.520000000;20;9445285404;S
20240119;095932;166.520000000;40;9445285405;S
20240119;095932;166.520000000;20;9445285406;S
20240119;095932;166.520000000;20;9445285407;S
20240119;095932;166.520000000;10;9445285408;S
20240119;095932;166.520000000;10;9445285409;S
20240119;095932;166.520000000;10;9445285410;S
20240119;095932;166.520000000;40;9445285411;S
20240119;095932;166.520000000;10;9445285412;S
20240119;095932;166.520000000;90;9445285413;S
20240119;095932;166.520000000;60;9445285414;S
20240119;095932;166.520000000;40;9445285415;S
20240119;095932;166.520000000;10;9445285416;S
20240119;095932;166.520000000;10;9445285417;S
20240119;095932;166.520000000;70;9445285418;S
20240119;095932;166.520000000;170;9445285419;S
20240119;095932;166.520000000;10;9445285420;S
20240119;095932;166.520000000;10;9445285421;S
20240119;095932;166.520000000;20;9445285422;S
20240119;095932;166.520000000;30;9445285423;S
20240119;095932;166.520000000;1500;9445285424;S
20240119;095932;166.520000000;10;9445285425;S
20240119;095932;166.520000000;10;9445285426;S
20240119;095932;166.520000000;200;9445285427;S
20240119;095932;166.520000000;3000;9445285428;S
20240119;095932;166.520000000;10;9445285429;S
20240119;095932;166.520000000;100;9445285430;S
20240119;100000;166.550000000;2500;9445290918;B
20240119;100000;166.550000000;10;9445291022;B
20240119;100000;166.560000000;30;9445291069;B
20240119;100000;166.590000000;170;9445291070;B
20240119;100000;166.530000000;350;9445291177;S
20240119;100000;166.550000000;100;9445291225;S
20240119;100000;166.550000000;200;9445291236;S
20240119;100000;166.590000000;130;9445291319;B
20240119;100000;166.600000000;50;9445291320;B
20240119;100000;166.610000000;50;9445291321;B
20240119;100000;166.610000000;950;9445291367;B
20240119;100000;166.620000000;10;9445291368;B
20240119;100000;166.610000000;700;9445291369;S
20240119;100001;166.620000000;600;9445291435;S
20240119;100001;166.620000000;100;9445291436;S
20240119;100001;166.620000000;100;9445291437;S
20240119;100001;166.610000000;700;9445291480;S
20240119;100001;166.610000000;100;9445291499;S
20240119;100001;166.610000000;800;9445291502;S
20240119;100001;166.610000000;200;9445291503;S
20240119;100001;166.610000000;790;9445291561;S
20240119;100001;166.610000000;10;9445291612;S
20240119;100001;166.610000000;40;9445291726;S
20240119;100001;166.610000000;710;9445291781;S
20240119;100001;166.600000000;10;9445291782;S
20240119;100001;166.540000000;280;9445291783;S
20240119;100001;166.540000000;900;9445291784;S
20240119;100002;166.580000000;10;9445291846;S
20240119;100002;166.620000000;840;9445292055;B
20240119;100002;166.560000000;620;9445292131;S
20240119;100002;166.550000000;4380;9445292132;S
20240119;100003;166.580000000;50;9445292436;B
20240119;100003;166.580000000;20;9445292437;B
20240119;100003;166.520000000;10;9445292438;S
20240119;100003;166.580000000;20;9445292439;B
20240119;100004;166.580000000;7770;9445292794;B
20240119;100004;166.590000000;6950;9445292795;B
20240119;100004;166.600000000;7500;9445292796;B
20240119;100004;166.530000000;10;9445292797;S
20240119;100004;166.530000000;50;9445292798;S
20240119;100004;166.600000000;40;9445293003;B
20240119;100004;166.530000000;10;9445293181;S
20240119;100004;166.600000000;30;9445293286;B
20240119;100004;166.600000000;50;9445293421;B
20240119;100004;166.600000000;10;9445293422;B
20240119;100005;166.600000000;10;9445293511;B
20240119;100005;166.600000000;10;9445293658;B
20240119;100005;166.530000000;10;9445293659;S
20240119;100005;166.600000000;10;9445293854;B
20240119;100005;166.540000000;10;9445293856;S
20240119;100005;166.600000000;10;9445293857;B
20240119;100005;166.540000000;10;9445293860;S
20240119;100005;166.600000000;80;9445293991;B
20240119;100005;166.530000000;1210;9445293993;S
20240119;100005;166.600000000;20;9445293994;B
20240119;100005;166.530000000;10;9445293995;S
20240119;100005;166.600000000;30;9445294166;B
20240119;100005;166.600000000;10;9445294167;B
20240119;100005;166.600000000;10;9445294169;B
20240119;100005;166.600000000;10;9445294170;B
20240119;100005;166.600000000;10;9445294171;B
20240119;100005;166.600000000;10;9445294300;B
20240119;100005;166.600000000;60;9445294301;B
20240119;100005;166.540000000;10;9445294304;S
20240119;100005;166.600000000;10;9445294307;B
20240119;100005;166.600000000;10;9445294510;B
20240119;100005;166.600000000;10;9445294513;B
20240119;100005;166.540000000;10;9445294534;S
20240119;100005;166.550000000;70;9445294716;S
20240119;100005;166.600000000;10;9445294813;B
20240119;100005;166.600000000;10;9445294816;B
20240119;100005;166.600000000;130;9445294819;B
20240119;100005;166.600000000;10;9445294889;B
20240119;100005;166.550000000;40;9445294935;S
20240119;100005;166.550000000;40;9445295094;S
20240119;100005;166.550000000;40;9445295096;S
20240119;100005;166.550000000;10;9445295097;S
20240119;100005;166.550000000;10;9445295098;S
20240119;100005;166.600000000;60;9445295103;B
20240119;100005;166.600000000;820;9445295225;B
20240119;100005;166.640000000;70;9445295226;B
20240119;100005;166.660000000;2280;9445295227;B
20240119;100005;166.670000000;3620;9445295228;B
20240119;100005;166.680000000;10;9445295229;B
20240119;100005;166.680000000;1870;9445295230;B
20240119;100005;166.690000000;3500;9445295231;B
20240119;100005;166.700000000;50;9445295232;B
20240119;100005;166.700000000;20;9445295233;B
20240119;100005;166.700000000;500;9445295234;B
20240119;100005;166.700000000;1710;9445295235;B
20240119;100005;166.700000000;7770;9445295236;B
20240119;100005;166.610000000;800;9445295279;S
20240119;100005;166.610000000;800;9445295280;S
20240119;100005;166.620000000;800;9445295285;S
20240119;100005;166.620000000;700;9445295289;S
20240119;100005;166.620000000;800;9445295290;S
20240119;100005;166.610000000;700;9445295292;S
20240119;100005;166.610000000;700;9445295294;S
20240119;100005;166.610000000;700;9445295295;S
20240119;100006;166.620000000;10;9445295395;B
20240119;100006;166.620000000;10;9445295396;B
20240119;100006;166.610000000;10;9445295398;S
20240119;100006;166.620000000;630;9445295399;B
20240119;100006;166.620000000;10;9445295400;B
20240119;100006;166.620000000;10;9445295401;B
20240119;100006;166.620000000;10;9445295404;B
20240119;100006;166.610000000;10;9445295411;S
20240119;100006;166.620000000;20;9445295535;B
20240119;100006;166.620000000;50;9445295669;B
20240119;100006;166.610000000;10000;9445295732;S
20240119;100006;166.610000000;10;9445295751;S
20240119;100006;166.620000000;30;9445295752;B
20240119;100006;166.620000000;10;9445295753;B
20240119;100006;166.620000000;10;9445295754;B
20240119;100006;166.720000000;10;9445295755;B
20240119;100006;166.720000000;10;9445295756;B
20240119;100006;166.720000000;10;9445295757;B
20240119;100006;166.740000000;70;9445295758;B
20240119;100006;166.750000000;10;9445295759;B
20240119;100006;166.750000000;840;9445295760;B
20240119;100006;166.750000000;10;9445295835;B
20240119;100006;166.750000000;500;9445295836;B
20240119;100006;166.630000000;700;9445295853;S
20240119;100006;166.630000000;800;9445295854;S
20240119;100006;166.630000000;800;9445295857;S
20240119;100006;166.630000000;700;9445295858;S
20240119;100006;166.630000000;700;9445295879;S
20240119;100006;166.630000000;300;9445295881;S
20240119;100006;166.630000000;700;9445295887;S
20240119;100006;166.630000000;700;9445295894;S
20240119;100006;166.640000000;700;9445295895;S
20240119;100006;166.640000000;100;9445295896;S
20240119;100006;166.640000000;520;9445295897;S
20240119;100006;166.640000000;480;9445295901;B
20240119;100006;166.660000000;700;9445295910;S
20240119;100006;166.660000000;2000;9445295916;S
20240119;100006;166.660000000;700;9445295917;S
20240119;100006;166.660000000;1000;9445295918;S
20240119;100006;166.660000000;700;9445295921;S
20240119;100006;166.660000000;1000;9445295922;S
20240119;100006;166.660000000;1000;9445295923;S
20240119;100006;166.660000000;700;9445295924;S
20240119;100006;166.660000000;700;9445295925;S
20240119;100006;166.660000000;700;9445295928;S
20240119;100006;166.660000000;700;9445295932;S
20240119;100006;166.660000000;1000;9445295933;S
20240119;100006;166.660000000;700;9445295936;S
20240119;100006;166.670000000;2000;9445295938;S
20240119;100006;166.670000000;1000;9445295939;S
20240119;100006;166.670000000;620;9445295940;S
20240119;100006;166.660000000;380;9445295941;S
20240119;100006;166.660000000;700;9445295945;S
20240119;100006;166.660000000;2000;9445295946;S
20240119;100006;166.660000000;300;9445295947;S
20240119;100006;166.660000000;150;9445295971;S
20240119;100006;166.630000000;2000;9445295994;S
20240119;100006;166.630000000;370;9445295997;S
20240119;100006;166.550000000;700;9445295999;S
20240119;100006;166.550000000;1000;9445296000;S
20240119;100006;166.550000000;1060;9445296001;S
20240119;100006;166.550000000;940;9445296003;B
20240119;100006;166.550000000;700;9445296004;B
20240119;100006;166.550000000;240;9445296005;B
20240119;100006;166.550000000;460;9445296006;B
20240119;100006;166.550000000;1000;9445296007;B
20240119;100006;166.520000000;160;9445296011;S
20240119;100006;166.520000000;100;9445296012;S
20240119;100006;166.520000000;10;9445296013;S
20240119;100006;166.520000000;30;9445296014;S
20240119;100006;166.520000000;10;9445296015;S
20240119;100006;166.520000000;30;9445296016;S
20240119;100006;166.520000000;700;9445296017;S
20240119;100006;166.520000000;10;9445296018;S
20240119;100006;166.520000000;210;9445296019;S
20240119;100006;166.520000000;20;9445296020;S
20240119;100006;166.520000000;50;9445296021;S
20240119;100006;166.520000000;30;9445296022;S
20240119;100006;166.520000000;120;9445296023;S
20240119;100006;166.730000000;10;9445296025;B
20240119;100006;166.570000000;600;9445296030;S
20240119;100006;166.700000000;10;9445296147;B
20240119;100006;166.700000000;1570;9445296148;B
20240119;100006;166.700000000;70;9445296149;B
20240119;100006;166.700000000;10;9445296150;B
20240119;100006;166.560000000;10;9445296151;S
20240119;100007;166.640000000;850;9445296309;B
20240119;100007;166.630000000;40;9445296429;S
20240119;100007;166.630000000;10;9445296435;S
20240119;100007;166.590000000;60;9445296436;S
20240119;100007;166.580000000;10;9445296519;S
20240119;100007;166.670000000;10;9445296523;B
20240119;100007;166.580000000;10;9445296525;S
20240119;100007;166.640000000;1000;9445296667;B
20240119;100007;166.700000000;730;9445296758;B
20240119;100008;166.700000000;10;9445296893;B
20240119;100008;166.690000000;40;9445297065;B
20240119;100009;166.700000000;400;9445297438;B
20240119;100010;166.710000000;600;9445297554;B
20240119;100010;166.630000000;300;9445297573;S
20240119;100010;166.740000000;10;9445297609;B
20240119;100010;166.740000000;70;9445297714;B
20240119;100010;166.740000000;20;9445297798;B
20240119;100010;166.730000000;20;9445297870;B
20240119;100010;166.740000000;30;9445297917;B
20240119;100010;166.740000000;30;9445297968;B
20240119;100010;166.750000000;150;9445298067;B
20240119;100012;166.730000000;40;9445298375;B
20240119;100012;166.740000000;360;9445298376;B
20240119;100012;166.660000000;10;9445298388;S
20240119;100012;166.620000000;690;9445298437;S
20240119;100012;166.620000000;1000;9445298438;S
20240119;100013;166.650000000;500;9445298686;B
20240119;100014;166.710000000;400;9445298819;B
20240119;100015;166.680000000;30;9445299117;B
20240119;100015;166.690000000;70;9445299118;B
20240119;100015;166.670000000;10;9445299296;B
20240119;100015;166.690000000;190;9445299297;B
20240119;100016;166.620000000;310;9445299338;S
20240119;100016;166.620000000;2190;9445299339;S
20240119;100016;166.600000000;50;9445299340;S
20240119;100016;166.590000000;3450;9445299341;S
20240119;100016;166.680000000;200;9445299626;B
20240119;100017;166.560000000;10;9445299867;S
20240119;100018;166.550000000;60;9445300033;S
20240119;100018;166.550000000;30;9445300034;S
20240119;100018;166.550000000;10;9445300035;S
20240119;100018;166.550000000;100;9445300062;S
20240119;100019;166.550000000;90;9445300282;S
20240119;100019;166.530000000;250;9445300283;S
20240119;100019;166.530000000;2660;9445300301;S
20240119;100019;166.530000000;2310;9445300302;S
20240119;100019;166.520000000;500;9445300484;S
20240119;100020;166.550000000;50;9445300559;B
20240119;100020;166.530000000;10;9445300650;B
20240119;100020;166.520000000;10;9445300716;S
20240119;100021;166.520000000;70;9445300911;S
20240119;100021;166.530000000;10;9445300923;B
20240119;100022;166.520000000;100;9445300981;S
20240119;100022;166.530000000;10;9445301046;B
20240119;100024;166.520000000;10;9445301323;S
20240119;100025;166.530000000;40;9445301544;B
20240119;100025;166.530000000;2220;9445301545;B
20240119;100025;166.530000000;90;9445301555;B
20240119;100025;166.580000000;120;9445301623;B
20240119;100026;166.520000000;10;9445301651;S
20240119;100026;166.520000000;3580;9445301662;S
20240119;100026;166.520000000;20;9445301663;S
20240119;100026;166.520000000;60;9445301664;S
20240119;100026;166.520000000;40;9445301665;S
20240119;100026;166.520000000;10;9445301666;S
20240119;100026;166.520000000;40;9445301667;S
20240119;100026;166.520000000;100;9445301778;B
20240119;100026;166.510000000;10;9445301799;S
20240119;100027;166.520000000;970;9445302011;B
20240119;100027;166.550000000;1030;9445302126;S
20240119;100027;166.510000000;20;9445302127;S
20240119;100027;166.510000000;10;9445302128;S
20240119;100027;166.510000000;10;9445302129;S
20240119;100027;166.510000000;10;9445302130;S
20240119;100027;166.510000000;20;9445302131;S
20240119;100027;166.510000000;40;9445302132;S
20240119;100027;166.510000000;3000;9445302133;S
20240119;100027;166.510000000;1000;9445302134;S
20240119;100027;166.510000000;10;9445302135;S
20240119;100027;166.510000000;80;9445302136;S
20240119;100027;166.500000000;50;9445302137;S
20240119;100027;166.500000000;10;9445302138;S
20240119;100027;166.500000000;10;9445302139;S
20240119;100027;166.500000000;10;9445302140;S
20240119;100027;166.500000000;10;9445302141;S
20240119;100027;166.500000000;80;9445302142;S
20240119;100028;166.560000000;120;9445302194;B
20240119;100030;166.520000000;50;9445302759;S
20240119;100030;166.520000000;10;9445302808;S
20240119;100030;166.550000000;50;9445302809;B
20240119;100031;166.550000000;10;9445303091;S
20240119;100031;166.520000000;20;9445303092;S
20240119;100032;166.560000000;700;9445303160;B
20240119;100034;166.520000000;170;9445303593;S
20240119;100034;166.520000000;10;9445303594;S
20240119;100034;166.500000000;230;9445303595;S
20240119;100034;166.500000000;30;9445303596;S
20240119;100034;166.500000000;10;9445303597;S
20240119;100034;166.500000000;220;9445303598;S
20240119;100034;166.500000000;10;9445303599;S
20240119;100034;166.500000000;320;9445303600;S
20240119;100034;166.550000000;50;9445303680;B
20240119;100034;166.560000000;250;9445303681;B
20240119;100035;166.500000000;2680;9445303801;S
20240119;100035;166.500000000;1000;9445303802;S
20240119;100035;166.500000000;500;9445303803;S
20240119;100035;166.500000000;1870;9445303804;S
20240119;100035;166.500000000;10;9445303805;S
20240119;100035;166.500000000;100;9445303806;S
20240119;100035;166.500000000;3300;9445303807;S
20240119;100035;166.500000000;10;9445303808;S
20240119;100035;166.500000000;30;9445303809;S
20240119;100035;166.500000000;50;9445303810;S
20240119;100035;166.500000000;20;9445303811;S
20240119;100035;166.500000000;100;9445303812;S
20240119;100035;166.500000000;100;9445303813;S
20240119;100035;166.490000000;2000;9445303814;S
20240119;100035;166.490000000;20;9445303815;S
20240119;100035;166.490000000;20;9445303816;S
20240119;100035;166.490000000;20;9445303817;S
20240119;100035;166.490000000;1000;9445303818;S
20240119;100035;166.480000000;60;9445303819;S
20240119;100035;166.480000000;10;9445303820;S
20240119;100035;166.480000000;187100;9445303821;S
20240119;100035;166.540000000;150;9445303833;B
20240119;100035;166.540000000;90;9445303842;B
20240119;100035;166.480000000;10740;9445303884;S
20240119;100035;166.480000000;2160;9445303886;S
20240119;100035;166.480000000;50;9445303887;S
20240119;100035;166.480000000;560;9445303888;S
20240119;100035;166.480000000;140;9445303889;S
20240119;100035;166.480000000;500;9445303890;S
20240119;100035;166.480000000;40;9445303891;S
20240119;100035;166.480000000;20;9445303892;S
20240119;100035;166.480000000;20;9445303893;S
20240119;100035;166.480000000;1000;9445303894;S
20240119;100035;166.480000000;2000;9445303916;B
20240119;100035;166.510000000;2000;9445303917;B
20240119;100035;166.450000000;10;9445303926;S
20240119;100035;166.440000000;320;9445303933;S
20240119;100036;166.460000000;550;9445303940;B
20240119;100036;166.460000000;100;9445303968;B
20240119;100036;166.470000000;550;9445303989;B
20240119;100036;166.470000000;1000;9445304040;B
20240119;100037;166.470000000;300;9445304075;B
20240119;100037;166.470000000;10;9445304076;B
20240119;100037;166.460000000;300;9445304097;B
20240119;100037;166.470000000;4700;9445304098;B
20240119;100037;166.470000000;10;9445304152;B
20240119;100037;166.470000000;50;9445304207;B
20240119;100038;166.470000000;20;9445304236;B
20240119;100038;166.410000000;40;9445304267;S
20240119;100038;166.400000000;10;9445304268;S
20240119;100038;166.400000000;10;9445304269;S
20240119;100038;166.400000000;560;9445304270;S
20240119;100038;166.400000000;30;9445304271;S
20240119;100038;166.400000000;30;9445304284;S
20240119;100038;166.450000000;10;9445304298;B
20240119;100039;166.400000000;380;9445304345;S
20240119;100039;166.400000000;120;9445304346;S
20240119;100039;166.450000000;2000;9445304447;B
20240119;100040;166.450000000;2000;9445304463;B
20240119;100041;166.400000000;120;9445304705;S
20240119;100042;166.460000000;30;9445304745;B
20240119;100042;166.400000000;30;9445304805;S
20240119;100042;166.440000000;300;9445304813;B
20240119;100043;166.440000000;10;9445304849;B
20240119;100043;166.440000000;10;9445304989;B
20240119;100044;166.400000000;330;9445305229;S
20240119;100044;166.400000000;20;9445305230;S
20240119;100044;166.400000000;150;9445305231;S
20240119;100044;166.400000000;50;9445305292;S
20240119;100044;166.400000000;1000;9445305293;S
20240119;100044;166.400000000;10;9445305294;S
20240119;100044;166.400000000;10;9445305295;S
20240119;100044;166.380000000;50;9445305296;S
20240119;100044;166.380000000;40;9445305297;S
20240119;100044;166.370000000;3000;9445305298;S
20240119;100044;166.370000000;600;9445305299;S
20240119;100044;166.360000000;120;9445305300;S
20240119;100044;166.350000000;10;9445305301;S
20240119;100044;166.350000000;10;9445305302;S
20240119;100044;166.350000000;2000;9445305303;S
20240119;100044;166.340000000;30;9445305304;S
20240119;100044;166.340000000;50;9445305305;S
20240119;100044;166.340000000;10;9445305306;S
20240119;100044;166.330000000;200;9445305307;S
20240119;100044;166.330000000;2000;9445305308;S
20240119;100044;166.330000000;5810;9445305309;S
20240119;100045;166.340000000;10;9445305422;S
20240119;100045;166.340000000;230;9445305455;S
20240119;100045;166.320000000;10;9445305456;S
20240119;100045;166.320000000;10;9445305457;S
20240119;100045;166.330000000;120;9445305504;S
20240119;100045;166.320000000;390;9445305505;S
20240119;100046;166.390000000;50;9445305617;B
20240119;100046;166.350000000;300;9445305658;S
20240119;100048;166.350000000;880;9445305979;S
20240119;100048;166.350000000;10;9445305997;S
20240119;100049;166.380000000;100;9445306224;B
20240119;100049;166.380000000;200;9445306299;B
20240119;100049;166.390000000;100;9445306300;B
20240119;100049;166.390000000;700;9445306301;B
20240119;100049;166.350000000;10;9445306312;S
20240119;100049;166.350000000;800;9445306338;S
20240119;100049;166.320000000;600;9445306339;S
20240119;100049;166.320000000;100;9445306340;S
20240119;100049;166.310000000;1730;9445306341;S
20240119;100050;166.390000000;10;9445306409;B
20240119;100050;166.310000000;270;9445306506;S
20240119;100050;166.310000000;60;9445306507;S
20240119;100050;166.300000000;10;9445306508;S
20240119;100050;166.300000000;10;9445306509;S
20240119;100050;166.300000000;10;9445306510;S
20240119;100050;166.300000000;50;9445306511;S
20240119;100050;166.300000000;2000;9445306512;S
20240119;100050;166.300000000;90;9445306513;S
20240119;100051;166.350000000;10;9445306637;B
20240119;100051;166.300000000;50;9445306730;S
20240119;100051;166.300000000;200;9445306731;S
20240119;100051;166.300000000;300;9445306738;S
20240119;100051;166.300000000;400;9445306739;S
20240119;100051;166.300000000;780;9445306742;S
20240119;100052;166.350000000;50;9445306778;B
20240119;100052;166.300000000;10;9445306819;S
20240119;100052;166.350000000;150;9445306845;B
20240119;100053;166.350000000;100;9445306971;B
20240119;100053;166.390000000;250;9445306972;B
20240119;100053;166.390000000;2990;9445306992;B
20240119;100054;166.300000000;1310;9445307056;S
20240119;100054;166.300000000;300;9445307057;S
20240119;100054;166.300000000;5000;9445307058;S
20240119;100054;166.280000000;30;9445307059;S
20240119;100054;166.260000000;260;9445307060;S
20240119;100054;166.250000000;80;9445307061;S
20240119;100054;166.250000000;10;9445307062;S
20240119;100054;166.250000000;300;9445307063;S
20240119;100054;166.250000000;10;9445307064;S
20240119;100054;166.250000000;8000;9445307065;S
20240119;100054;166.240000000;200;9445307066;S
20240119;100054;166.230000000;50;9445307067;S
20240119;100054;166.230000000;1810;9445307068;S
20240119;100054;166.220000000;30;9445307069;S
20240119;100054;166.220000000;2000;9445307070;S
20240119;100054;166.210000000;6500;9445307071;S
20240119;100054;166.200000000;500;9445307072;S
20240119;100054;166.200000000;10;9445307073;S
20240119;100054;166.200000000;30;9445307074;S
20240119;100054;166.200000000;50;9445307075;S
20240119;100054;166.200000000;10;9445307076;S
20240119;100054;166.200000000;10;9445307077;S
20240119;100054;166.200000000;20;9445307078;S
20240119;100054;166.200000000;200;9445307079;S
20240119;100054;166.200000000;30;9445307080;S
20240119;100054;166.190000000;10;9445307081;S
20240119;100054;166.190000000;16000;9445307082;S
20240119;100054;166.190000000;2000;9445307083;S
20240119;100054;166.180000000;10;9445307084;S
20240119;100054;166.180000000;300;9445307085;S
20240119;100054;166.180000000;250;9445307086;S
20240119;100054;166.170000000;100;9445307087;S
20240119;100054;166.170000000;10;9445307088;S
20240119;100054;166.170000000;10;9445307089;S
20240119;100054;166.170000000;10;9445307090;S
20240119;100054;166.150000000;20;9445307091;S
20240119;100054;166.150000000;3000;9445307092;S
20240119;100054;166.150000000;10;9445307093;S
20240119;100054;166.150000000;24000;9445307094;S
20240119;100054;166.120000000;100;9445307095;S
20240119;100054;166.120000000;30;9445307096;S
20240119;100054;166.110000000;2000;9445307097;S
20240119;100054;166.110000000;10;9445307098;S
20240119;100054;166.100000000;80;9445307099;S
20240119;100054;166.100000000;10;9445307100;S
20240119;100054;166.100000000;800;9445307101;S
20240119;100054;166.100000000;30;9445307102;S
20240119;100054;166.100000000;10;9445307103;S
20240119;100054;166.100000000;210;9445307104;S
20240119;100054;166.080000000;10;9445307105;S
20240119;100054;166.080000000;2000;9445307106;S
20240119;100054;166.080000000;2230;9445307107;S
20240119;100054;166.190000000;10;9445307108;S
20240119;100054;166.170000000;20;9445307109;S
20240119;100054;166.240000000;100;9445307146;S
20240119;100054;166.140000000;400;9445307147;S
20240119;100054;166.250000000;50;9445307162;S
20240119;100054;166.180000000;20;9445307163;S
20240119;100054;166.160000000;500;9445307164;S
20240119;100054;166.160000000;2000;9445307165;S
20240119;100054;166.080000000;1810;9445307166;S
20240119;100054;166.070000000;50;9445307167;S
20240119;100054;166.070000000;2000;9445307168;S
20240119;100054;166.070000000;1000;9445307169;S
20240119;100054;166.060000000;10;9445307170;S
20240119;100054;166.060000000;50;9445307171;S
20240119;100054;166.050000000;20;9445307172;S
20240119;100054;166.050000000;500;9445307173;S
20240119;100054;166.050000000;10;9445307174;S
20240119;100054;166.050000000;100;9445307175;S
20240119;100054;166.050000000;1880;9445307176;S
20240119;100054;166.170000000;2000;9445307177;S
20240119;100054;166.280000000;100;9445307178;B
20240119;100054;166.350000000;100;9445307179;S
20240119;100054;166.360000000;100;9445307180;B
20240119;100054;166.360000000;100;9445307183;S
20240119;100054;166.360000000;100;9445307184;S
20240119;100054;166.360000000;300;9445307185;S
20240119;100054;166.360000000;100;9445307186;S
20240119;100054;166.350000000;400;9445307187;S
20240119;100054;166.350000000;200;9445307188;S
20240119;100054;166.350000000;100;9445307189;S
20240119;100054;166.210000000;120;9445307190;S
20240119;100054;166.150000000;300;9445307191;S
20240119;100054;166.150000000;300;9445307192;S
20240119;100054;166.150000000;100;9445307193;S
20240119;100054;166.150000000;300;9445307194;S
20240119;100054;166.290000000;80;9445307255;B
20240119;100054;166.150000000;30;9445307257;S
20240119;100054;166.150000000;180;9445307259;S
20240119;100054;166.150000000;50;9445307269;S
20240119;100054;166.190000000;100;9445307275;S
20240119;100054;166.190000000;100;9445307276;S
20240119;100054;166.210000000;240;9445307284;S
20240119;100054;166.200000000;2000;9445307285;S
20240119;100054;166.190000000;500;9445307286;S
20240119;100054;166.160000000;20;9445307287;S
20240119;100054;166.120000000;240;9445307288;S
20240119;100054;166.100000000;200;9445307289;S
20240119;100055;166.150000000;20;9445307315;S
20240119;100055;166.150000000;50;9445307317;S
20240119;100055;166.150000000;230;9445307322;S
20240119;100055;166.150000000;240;9445307337;S
20240119;100055;166.150000000;150;9445307343;S
20240119;100055;166.150000000;800;9445307357;S
20240119;100055;166.150000000;510;9445307358;S
20240119;100055;166.130000000;2000;9445307359;S
20240119;100055;166.120000000;500;9445307360;S
20240119;100055;166.070000000;380;9445307361;S
20240119;100055;166.060000000;500;9445307362;S
20240119;100055;166.040000000;80;9445307363;S
20240119;100055;166.030000000;500;9445307364;S
20240119;100055;166.030000000;10;9445307365;S
20240119;100055;166.030000000;8000;9445307366;S
20240119;100055;166.020000000;3000;9445307367;S
20240119;100055;166.020000000;4520;9445307368;S
20240119;100055;166.140000000;70;9445307370;S
20240119;100055;166.200000000;10;9445307371;S
20240119;100055;166.140000000;990;9445307372;S
20240119;100055;166.140000000;230;9445307376;S
20240119;100055;166.140000000;30;9445307384;S
20240119;100055;166.140000000;20;9445307387;S
20240119;100055;166.140000000;400;9445307390;S
20240119;100055;166.140000000;300;9445307391;S
20240119;100055;166.140000000;1020;9445307392;S
20240119;100055;166.130000000;480;9445307393;S
20240119;100055;166.140000000;100;9445307394;S
20240119;100055;166.140000000;1900;9445307395;S
20240119;100055;166.130000000;1520;9445307396;S
20240119;100055;166.110000000;500;9445307397;S
20240119;100055;166.060000000;400;9445307398;B
20240119;100055;166.060000000;400;9445307399;B
20240119;100055;166.060000000;1280;9445307400;B
20240119;100055;166.200000000;800;9445307401;S
20240119;100055;166.200000000;800;9445307402;S
20240119;100055;166.200000000;800;9445307403;S
20240119;100055;166.200000000;700;9445307404;S
20240119;100055;166.200000000;1000;9445307405;S
20240119;100055;166.200000000;900;9445307406;S
20240119;100055;166.200000000;100;9445307408;S
20240119;100055;166.200000000;800;9445307409;S
20240119;100055;166.200000000;200;9445307410;S
20240119;100055;166.200000000;300;9445307411;S
20240119;100055;166.100000000;600;9445307412;B
20240119;100055;166.230000000;400;9445307413;B
20240119;100055;166.210000000;10;9445307415;S
20240119;100055;166.280000000;20;9445307416;B
20240119;100055;166.280000000;480;9445307417;B
20240119;100055;166.280000000;100;9445307418;B
20240119;100055;166.230000000;100;9445307419;S
20240119;100055;166.280000000;100;9445307420;B
20240119;100055;166.280000000;20;9445307421;B
20240119;100055;166.290000000;10;9445307447;B
20240119;100055;166.290000000;10;9445307448;B
20240119;100055;166.300000000;850;9445307449;B
20240119;100055;166.360000000;630;9445307450;B
20240119;100055;166.350000000;90;9445307452;B
20240119;100055;166.350000000;100;9445307453;B
20240119;100055;166.350000000;100;9445307454;B
20240119;100055;166.350000000;100;9445307455;B
20240119;100055;166.350000000;100;9445307456;B
20240119;100055;166.380000000;100;9445307457;B
20240119;100055;166.380000000;100;9445307458;B
20240119;100055;166.380000000;400;9445307459;B
20240119;100055;166.380000000;800;9445307460;B
20240119;100055;166.370000000;700;9445307461;B
20240119;100055;166.380000000;1500;9445307462;B
20240119;100055;166.360000000;100;9445307463;S
20240119;100055;166.360000000;100;9445307464;S
20240119;100055;166.350000000;300;9445307465;B
20240119;100055;166.350000000;100;9445307466;B
20240119;100055;166.350000000;80;9445307472;S
20240119;100055;166.200000000;920;9445307473;S
20240119;100055;166.210000000;300;9445307474;B
20240119;100055;166.210000000;100;9445307475;B
20240119;100055;166.200000000;1000;9445307476;S
20240119;100055;166.120000000;700;9445307477;S
20240119;100055;166.120000000;310;9445307478;S
20240119;100055;166.260000000;300;9445307479;B
20240119;100055;166.080000000;1500;9445307480;S
20240119;100055;166.080000000;100;9445307481;S
20240119;100055;166.080000000;210;9445307482;S
20240119;100055;166.080000000;1740;9445307483;B
20240119;100055;166.070000000;300;9445307484;S
20240119;100055;166.070000000;10;9445307499;S
20240119;100055;166.070000000;400;9445307502;S
20240119;100055;166.070000000;10;9445307507;S
20240119;100055;166.080000000;10;9445307511;B
20240119;100055;166.080000000;40;9445307519;B
20240119;100055;166.150000000;150;9445307520;B
20240119;100055;166.180000000;2810;9445307521;B
20240119;100055;166.180000000;1000;9445307523;B
20240119;100055;166.180000000;70;9445307524;B
20240119;100055;166.270000000;280;9445307525;S
20240119;100055;166.270000000;280;9445307526;S
20240119;100055;166.270000000;210;9445307527;S
20240119;100055;166.270000000;110;9445307528;S
20240119;100055;166.270000000;190;9445307529;B
20240119;100055;166.270000000;210;9445307530;B
20240119;100055;166.270000000;100;9445307531;S
20240119;100055;166.270000000;90;9445307532;S
20240119;100055;166.270000000;400;9445307536;S
20240119;100055;166.350000000;100;9445307538;S
20240119;100055;166.360000000;100;9445307539;S
20240119;100055;166.370000000;100;9445307540;S
20240119;100055;166.370000000;100;9445307541;S
20240119;100055;166.370000000;110;9445307542;S
20240119;100055;166.370000000;100;9445307543;S
20240119;100055;166.370000000;190;9445307544;S
20240119;100055;166.380000000;100;9445307545;B
20240119;100055;166.380000000;100;9445307546;B
20240119;100055;166.380000000;100;9445307547;B
20240119;100055;166.380000000;100;9445307548;B
20240119;100055;166.380000000;100;9445307549;B
20240119;100055;166.380000000;200;9445307550;B
20240119;100055;166.380000000;230;9445307551;B
20240119;100055;166.380000000;880;9445307552;B
20240119;100055;166.370000000;10;9445307553;S
20240119;100055;166.370000000;300;9445307555;S
20240119;100055;166.370000000;190;9445307556;S
20240119;100055;166.370000000;110;9445307560;S
20240119;100055;166.370000000;90;9445307561;S
20240119;100055;166.370000000;210;9445307565;S
20240119;100055;166.370000000;80;9445307566;S
20240119;100055;166.370000000;50;9445307569;S
20240119;100055;166.370000000;190;9445307625;S
20240119;100056;166.370000000;500;9445307627;B
20240119;100056;166.370000000;1500;9445307628;B
20240119;100056;166.370000000;720;9445307629;B
20240119;100056;166.360000000;1500;9445307630;B
20240119;100056;166.240000000;400;9445307631;S
20240119;100056;166.360000000;200;9445307632;B
20240119;100056;166.240000000;1400;9445307633;S
20240119;100056;166.360000000;110;9445307634;B
20240119;100056;166.380000000;10;9445307635;S
20240119;100056;166.380000000;200;9445307646;S
20240119;100056;166.380000000;1800;9445307652;S
20240119;100056;166.380000000;1500;9445307653;S
20240119;100056;166.380000000;1500;9445307654;S
20240119;100056;166.380000000;1500;9445307655;S
20240119;100056;166.380000000;1200;9445307656;S
20240119;100056;166.380000000;50;9445307658;S
20240119;100056;166.380000000;250;9445307662;S
20240119;100056;166.380000000;1500;9445307663;S
20240119;100056;166.380000000;200;9445307664;S
20240119;100056;166.380000000;500;9445307665;S
20240119;100056;166.380000000;350;9445307666;S
20240119;100056;166.380000000;100;9445307671;S
20240119;100056;166.380000000;350;9445307676;S
20240119;100056;166.370000000;100;9445307679;S
20240119;100056;166.370000000;900;9445307680;S
20240119;100056;166.370000000;300;9445307681;S
20240119;100056;166.370000000;500;9445307694;S
20240119;100056;166.370000000;260;9445307703;S
20240119;100056;166.240000000;20;9445307704;S
20240119;100056;166.200000000;10;9445307705;S
20240119;100056;166.180000000;190;9445307706;S
20240119;100056;166.180000000;140;9445307707;S
20240119;100056;166.180000000;130;9445307708;S
20240119;100056;166.180000000;1000;9445307709;S
20240119;100056;166.180000000;1000;9445307710;S
20240119;100056;166.140000000;900;9445307711;S
20240119;100056;166.140000000;600;9445307712;S
20240119;100056;166.140000000;100;9445307713;S
20240119;100056;166.140000000;200;9445307715;S
20240119;100056;166.140000000;300;9445307717;S
20240119;100056;166.140000000;100;9445307718;S
20240119;100056;166.140000000;500;9445307719;S
20240119;100056;166.300000000;10;9445307734;B
20240119;100057;166.180000000;30;9445307907;S
20240119;100057;166.140000000;1970;9445307908;S
20240119;100058;166.240000000;700;9445308006;B
20240119;100058;166.310000000;590;9445308007;B
20240119;100058;166.350000000;20;9445308008;B
20240119;100058;166.350000000;60;9445308009;B
20240119;100058;166.380000000;410;9445308037;S
20240119;100058;166.350000000;720;9445308038;S
20240119;100058;166.360000000;10;9445308052;B
20240119;100058;166.360000000;10;9445308121;B
20240119;100058;166.290000000;10;9445308124;B
20240119;100059;166.250000000;100;9445308275;S
20240119;100059;166.290000000;100;9445308277;B
20240119;100059;166.290000000;30;9445308301;B
20240119;100100;166.250000000;200;9445308507;S
20240119;100100;166.250000000;30;9445308514;S
20240119;100100;166.250000000;170;9445308520;S
20240119;100100;166.230000000;50;9445308521;S
20240119;100100;166.220000000;50;9445308522;S
20240119;100100;166.220000000;30;9445308523;S
20240119;100100;166.160000000;100;9445308524;S
20240119;100100;166.150000000;50;9445308525;S
20240119;100100;166.150000000;700;9445308526;S
20240119;100100;166.140000000;50;9445308527;S
20240119;100100;166.140000000;2170;9445308528;S
20240119;100100;166.140000000;20;9445308529;S
20240119;100100;166.130000000;2000;9445308530;S
20240119;100100;166.130000000;1000;9445308531;S
20240119;100100;166.130000000;8000;9445308532;S
20240119;100100;166.120000000;10;9445308533;S
20240119;100100;166.120000000;20;9445308534;S
20240119;100100;166.100000000;10;9445308535;S
20240119;100100;166.080000000;500;9445308536;S
20240119;100100;166.080000000;50;9445308537;S
20240119;100100;166.080000000;4340;9445308538;S
20240119;100100;166.210000000;580;9445308555;B
20240119;100100;166.210000000;30;9445308561;S
20240119;100100;166.210000000;60;9445308602;S
20240119;100100;166.170000000;100;9445308603;S
20240119;100100;166.060000000;100;9445308604;S
20240119;100100;166.070000000;2000;9445308607;S
20240119;100100;166.060000000;300;9445308608;S
20240119;100100;166.060000000;1100;9445308609;S
20240119;100100;166.060000000;2000;9445308610;S
20240119;100100;166.060000000;500;9445308611;S
20240119;100100;166.040000000;500;9445308612;S
20240119;100100;166.040000000;2500;9445308613;S
20240119;100100;166.030000000;60;9445308614;S
20240119;100100;166.020000000;50;9445308615;S
20240119;100100;166.020000000;5990;9445308616;S
20240119;100100;166.180000000;50;9445308618;B
20240119;100101;166.230000000;20;9445308685;B
20240119;100101;166.240000000;20;9445308686;B
20240119;100101;166.120000000;2000;9445308724;S
20240119;100101;166.110000000;500;9445308725;B
20240119;100101;166.230000000;300;9445308726;B
20240119;100102;166.240000000;1200;9445308827;B
20240119;100102;166.240000000;1000;9445308832;B
20240119;100102;166.230000000;10;9445308923;S
20240119;100103;166.260000000;10;9445309013;B
20240119;100104;166.260000000;40;9445309123;B
20240119;100106;166.250000000;1500;9445309573;B
20240119;100106;166.260000000;50;9445309574;B
20240119;100106;166.260000000;500;9445309575;B
20240119;100106;166.290000000;20;9445309576;B
20240119;100106;166.300000000;10;9445309577;B
20240119;100106;166.310000000;700;9445309578;B
20240119;100106;166.320000000;720;9445309579;B
20240119;100106;166.320000000;2000;9445309580;B
20240119;100106;166.320000000;100;9445309581;B
20240119;100106;166.360000000;1000;9445309582;B
20240119;100106;166.360000000;1000;9445309583;B
20240119;100106;166.360000000;900;9445309584;B
20240119;100106;166.360000000;1000;9445309585;B
20240119;100106;166.360000000;720;9445309586;B
20240119;100106;166.380000000;160;9445309587;S
20240119;100106;166.380000000;1120;9445309590;S
20240119;100106;166.370000000;1000;9445309591;S
20240119;100106;166.380000000;880;9445309597;B
20240119;100106;166.390000000;1120;9445309598;B
20240119;100107;166.270000000;30;9445309611;S
20240119;100107;166.390000000;100;9445309622;B
20240119;100107;166.330000000;10;9445309696;S
20240119;100107;166.270000000;10;9445309697;S
20240119;100108;166.270000000;1770;9445309722;S
20240119;100108;166.260000000;1000;9445309723;S
20240119;100108;166.250000000;1500;9445309724;S
20240119;100108;166.240000000;50;9445309725;S
20240119;100108;166.240000000;10;9445309726;S
20240119;100108;166.230000000;40;9445309727;S
20240119;100108;166.230000000;1630;9445309728;S
20240119;100108;166.230000000;160;9445309736;S
20240119;100108;166.230000000;10;9445309809;S
20240119;100109;166.290000000;100;9445309990;B
20240119;100110;166.290000000;20;9445310099;B
20240119;100111;166.290000000;10;9445310197;B
20240119;100111;166.290000000;30;9445310231;B
20240119;100112;166.290000000;100;9445310397;B
20240119;100113;166.290000000;100;9445310423;B
20240119;100113;166.290000000;250;9445310522;B
20240119;100114;166.290000000;50;9445310529;B
20240119;100114;166.290000000;100;9445310547;B
20240119;100114;166.290000000;100;9445310575;B
20240119;100115;166.290000000;200;9445310892;B
20240119;100115;166.290000000;940;9445310928;B
20240119;100115;166.290000000;10;9445310929;B
20240119;100115;166.370000000;1350;9445310930;B
20240119;100117;166.370000000;200;9445311265;B
20240119;100118;166.290000000;50;9445311326;S
20240119;100118;166.280000000;50;9445311327;S
20240119;100118;166.280000000;10;9445311328;S
20240119;100118;166.270000000;10;9445311329;S
20240119;100118;166.260000000;230;9445311330;S
20240119;100118;166.260000000;20;9445311331;S
20240119;100118;166.370000000;250;9445311358;B
20240119;100118;166.370000000;1000;9445311359;B
20240119;100118;166.370000000;750;9445311360;B
20240119;100119;166.360000000;500;9445311430;B
20240119;100119;166.370000000;20;9445311465;B
20240119;100119;166.370000000;230;9445311475;B
20240119;100119;166.370000000;1000;9445311476;B
20240119;100119;166.370000000;1000;9445311477;B
20240119;100119;166.370000000;640;9445311489;S
20240119;100121;166.380000000;10;9445311743;B
20240119;100121;166.390000000;140;9445311744;B
20240119;100121;166.400000000;150;9445311757;B
20240119;100122;166.380000000;200;9445312023;B
20240119;100122;166.370000000;10;9445312047;S
20240119;100125;166.380000000;100;9445312754;B
20240119;100126;166.370000000;4120;9445312796;S
20240119;100126;166.370000000;20;9445312797;S
20240119;100126;166.350000000;10;9445312798;S
20240119;100126;166.300000000;50;9445312799;S
20240119;100126;166.290000000;100;9445312800;S
20240119;100126;166.290000000;50;9445312801;S
20240119;100126;166.290000000;10;9445312802;S
20240119;100126;166.270000000;500;9445312803;S
20240119;100126;166.260000000;1810;9445312804;S
20240119;100126;166.260000000;3620;9445312805;S
20240119;100126;166.250000000;100;9445312806;S
20240119;100126;166.250000000;4000;9445312807;S
20240119;100126;166.250000000;10;9445312808;S
20240119;100126;166.240000000;50;9445312809;S
20240119;100126;166.240000000;20;9445312810;S
20240119;100126;166.240000000;30;9445312811;S
20240119;100126;166.230000000;470;9445312812;S
20240119;100126;166.230000000;10;9445312813;S
20240119;100126;166.230000000;20;9445312814;S
20240119;100126;166.360000000;10;9445312823;B
20240119;100126;166.250000000;50;9445312879;B
20240119;100126;166.340000000;50;9445312881;B
20240119;100126;166.340000000;100;9445312882;B
20240119;100126;166.340000000;200;9445312883;B
20240119;100126;166.340000000;260;9445312884;B
20240119;100126;166.350000000;40;9445312885;B
20240119;100127;166.340000000;300;9445313077;B
20240119;100127;166.350000000;1700;9445313078;B
20240119;100128;166.230000000;20;9445313202;S
20240119;100131;166.280000000;10;9445313544;B
20240119;100131;166.300000000;10;9445313545;B
20240119;100131;166.320000000;30;9445313546;B
20240119;100131;166.250000000;30;9445313617;S
20240119;100133;166.320000000;10;9445313908;B
20240119;100134;166.320000000;30;9445313936;B
20240119;100135;166.340000000;50;9445314092;B
20240119;100135;166.320000000;170;9445314104;S
20240119;100135;166.290000000;10;9445314105;S
20240119;100135;166.270000000;60;9445314106;S
20240119;100135;166.270000000;10;9445314107;S
20240119;100135;166.270000000;100;9445314116;S
20240119;100135;166.250000000;20;9445314117;S
20240119;100135;166.250000000;570;9445314118;S
20240119;100135;166.240000000;20;9445314173;S
20240119;100136;166.350000000;150;9445314389;B
20240119;100136;166.360000000;910;9445314394;B
20240119;100137;166.370000000;80;9445314545;B
20240119;100137;166.380000000;1000;9445314546;B
20240119;100137;166.380000000;920;9445314547;B
20240119;100138;166.370000000;10;9445314663;B
20240119;100138;166.300000000;10;9445314692;S
20240119;100138;166.300000000;1060;9445314693;S
20240119;100138;166.290000000;50;9445314694;S
20240119;100138;166.270000000;380;9445314695;S
20240119;100138;166.370000000;20;9445314763;B
20240119;100139;166.370000000;10;9445314950;B
20240119;100139;166.380000000;40;9445314951;B
20240119;100140;166.370000000;10;9445315047;B
20240119;100143;166.350000000;120;9445315380;S
20240119;100143;166.370000000;30;9445315396;B
20240119;100144;166.370000000;20;9445315445;B
20240119;100144;166.370000000;600;9445315446;B
20240119;100144;166.370000000;100;9445315447;B
20240119;100145;166.370000000;80;9445315598;S
20240119;100146;166.370000000;20;9445315634;B
20240119;100147;166.370000000;30;9445315881;S
20240119;100147;166.350000000;70;9445315882;S
20240119;100148;166.380000000;10;9445315899;B
20240119;100148;166.380000000;30;9445315991;B
20240119;100148;166.380000000;10;9445315992;B
20240119;100148;166.390000000;870;9445315993;B
20240119;100150;166.390000000;50;9445316099;B
20240119;100150;166.390000000;50;9445316100;B
20240119;100150;166.360000000;80;9445316114;S
20240119;100150;166.350000000;310;9445316115;S
20240119;100150;166.350000000;10;9445316116;S
20240119;100150;166.350000000;100;9445316117;B
20240119;100150;166.350000000;500;9445316121;S
20240119;100152;166.380000000;10;9445316411;B
20240119;100152;166.380000000;10;9445316481;B
20240119;100152;166.390000000;90;9445316482;B
20240119;100155;166.390000000;100;9445316732;B
20240119;100156;166.390000000;20;9445316888;B
20240119;100156;166.370000000;50;9445316890;S
20240119;100156;166.360000000;50;9445316893;S
20240119;100156;166.350000000;200;9445316894;S
20240119;100156;166.350000000;10;9445316895;S
20240119;100156;166.320000000;1020;9445316896;S
20240119;100156;166.310000000;1810;9445316897;S
20240119;100156;166.310000000;2000;9445316898;S
20240119;100156;166.300000000;10;9445316899;S
20240119;100156;166.300000000;1000;9445316901;B
20240119;100156;166.300000000;200;9445316902;B
20240119;100156;166.300000000;200;9445316903;B
20240119;100156;166.300000000;100;9445316904;B
20240119;100156;166.300000000;500;9445316905;B
20240119;100156;166.300000000;100;9445316906;B
20240119;100156;166.300000000;900;9445316907;B
20240119;100156;166.300000000;100;9445316908;B
20240119;100157;166.300000000;1400;9445316942;B
20240119;100200;166.300000000;100;9445317338;B
20240119;100200;166.300000000;10;9445317354;B
20240119;100203;166.300000000;30;9445317785;B
20240119;100203;166.290000000;2520;9445317807;S
20240119;100203;166.290000000;10;9445317824;S
20240119;100207;166.300000000;5000;9445318224;B
20240119;100207;166.290000000;1000;9445318293;S
20240119;100208;166.300000000;10;9445318316;B
20240119;100208;166.290000000;200;9445318344;S
20240119;100208;166.290000000;1000;9445318368;S
20240119;100209;166.290000000;1340;9445318501;S
20240119;100210;166.300000000;100;9445318578;B
20240119;100210;166.300000000;20;9445318602;B
20240119;100210;166.290000000;10;9445318606;S
20240119;100210;166.300000000;20;9445318657;B
20240119;100211;166.290000000;40;9445318748;S
20240119;100212;166.300000000;10;9445318773;B
20240119;100212;166.300000000;440;9445318782;B
20240119;100212;166.290000000;7130;9445318789;S
20240119;100212;166.290000000;990;9445318817;S
20240119;100213;166.300000000;500;9445318931;B
20240119;100213;166.300000000;20;9445318933;B
20240119;100214;166.300000000;1900;9445318941;B
20240119;100214;166.300000000;100;9445318954;B
20240119;100215;166.300000000;30;9445319054;B
20240119;100215;166.300000000;10;9445319102;B
20240119;100217;166.300000000;350;9445319227;B
20240119;100217;166.300000000;470;9445319251;B
20240119;100217;166.300000000;470;9445319267;B
20240119;100217;166.300000000;120;9445319310;B
20240119;100217;166.300000000;120;9445319316;B
20240119;100218;166.290000000;30;9445319529;S
20240119;100221;166.300000000;20000;9445319814;B
20240119;100222;166.300000000;10140;9445319939;B
20240119;100222;166.290000000;2000;9445319940;S
20240119;100223;166.300000000;430;9445320131;B
20240119;100223;166.300000000;20;9445320132;B
20240119;100223;166.300000000;10;9445320133;B
20240119;100223;166.300000000;540;9445320142;S
20240119;100223;166.300000000;460;9445320143;S
20240119;100223;166.300000000;50;9445320168;S
20240119;100223;166.290000000;150;9445320169;S
20240119;100224;166.310000000;100;9445320298;B
20240119;100226;166.310000000;10;9445320501;B
20240119;100226;166.290000000;1000;9445320529;S
20240119;100226;166.310000000;190;9445320564;B
20240119;100226;166.310000000;10;9445320565;B
20240119;100226;166.370000000;800;9445320566;B
20240119;100227;166.360000000;200;9445320619;S
20240119;100227;166.300000000;250;9445320620;S
20240119;100227;166.290000000;580;9445320621;S
20240119;100227;166.290000000;30;9445320622;S
20240119;100227;166.290000000;800;9445320623;S
20240119;100227;166.290000000;70;9445320624;S
20240119;100227;166.290000000;420;9445320625;S
20240119;100227;166.300000000;10;9445320687;S
20240119;100227;166.290000000;80;9445320688;S
20240119;100227;166.280000000;130;9445320689;S
20240119;100227;166.270000000;500;9445320690;S
20240119;100227;166.260000000;2620;9445320691;S
20240119;100228;166.290000000;10;9445320822;S
20240119;100228;166.370000000;90;9445320948;B
20240119;100228;166.310000000;1080;9445320949;S
20240119;100229;166.370000000;70;9445320991;B
20240119;100229;166.370000000;50;9445320992;B
20240119;100229;166.370000000;950;9445320993;B
20240119;100229;166.380000000;50;9445321083;B
20240119;100229;166.380000000;480;9445321084;B
20240119;100229;166.390000000;9470;9445321085;B
20240119;100231;166.390000000;70;9445321316;B
20240119;100231;166.390000000;930;9445321317;B
20240119;100231;166.390000000;50;9445321318;B
20240119;100232;166.390000000;100;9445321497;B
20240119;100232;166.390000000;590;9445321589;B
20240119;100233;166.380000000;240;9445321594;S
20240119;100233;166.390000000;1500;9445321602;B
20240119;100233;166.390000000;1500;9445321603;B
20240119;100233;166.390000000;1500;9445321604;B
20240119;100233;166.390000000;100;9445321605;B
20240119;100233;166.390000000;1500;9445321606;B
20240119;100233;166.390000000;100;9445321607;B
20240119;100233;166.390000000;260;9445321608;B
20240119;100234;166.390000000;10;9445321774;S
20240119;100235;166.400000000;230;9445321911;B
20240119;100235;166.400000000;230;9445321944;B
20240119;100235;166.390000000;420;9445321950;S
20240119;100235;166.400000000;10;9445321969;B
20240119;100236;166.400000000;240;9445322104;B
20240119;100236;166.400000000;240;9445322126;B
20240119;100236;166.400000000;80;9445322140;B
20240119;100236;166.400000000;50;9445322141;B
20240119;100236;166.400000000;250;9445322142;B
20240119;100236;166.420000000;320;9445322143;B
20240119;100236;166.420000000;700;9445322187;B
20240119;100236;166.410000000;100;9445322189;S
20240119;100237;166.410000000;30;9445322386;S
20240119;100237;166.420000000;470;9445322426;B
20240119;100237;166.420000000;470;9445322457;B
20240119;100238;166.410000000;1870;9445322613;S
20240119;100238;166.410000000;1000;9445322614;S
20240119;100238;166.410000000;1000;9445322615;S
20240119;100238;166.410000000;1000;9445322616;S
20240119;100238;166.410000000;100;9445322617;S
20240119;100238;166.410000000;30;9445322618;S
20240119;100239;166.420000000;100;9445322693;B
20240119;100239;166.460000000;10;9445322694;B
20240119;100239;166.460000000;100;9445322695;B
20240119;100239;166.470000000;20;9445322696;B
20240119;100239;166.470000000;80;9445322726;B
20240119;100239;166.470000000;40;9445322727;B
20240119;100239;166.480000000;110;9445322728;B
20240119;100239;166.480000000;90;9445322773;B
20240119;100239;166.480000000;100;9445322774;B
20240119;100239;166.480000000;10;9445322775;B
20240119;100239;166.490000000;100;9445322776;B
20240119;100239;166.500000000;290;9445322777;B
20240119;100239;166.500000000;10;9445322778;B
20240119;100239;166.500000000;100;9445322779;B
20240119;100239;166.500000000;10;9445322780;B
20240119;100239;166.500000000;240;9445322781;B
20240119;100239;166.510000000;50;9445322782;B
20240119;100239;166.510000000;810;9445322783;B
20240119;100239;166.510000000;100;9445322784;B
20240119;100239;166.500000000;100;9445322785;B
20240119;100239;166.500000000;20;9445322786;B
20240119;100240;166.510000000;1000;9445322850;B
20240119;100240;166.500000000;100;9445322858;S
20240119;100242;166.510000000;30;9445323108;B
20240119;100243;166.510000000;700;9445323189;B
20240119;100243;166.520000000;1230;9445323190;B
20240119;100245;166.520000000;50;9445323357;B
20240119;100245;166.520000000;50;9445323375;B
20240119;100245;166.520000000;10;9445323399;B
20240119;100246;166.510000000;20;9445323471;S
20240119;100246;166.510000000;20;9445323536;S
20240119;100247;166.510000000;10;9445323601;S
20240119;100249;166.520000000;1500;9445323885;B
20240119;100249;166.520000000;5000;9445323950;B
20240119;100253;166.510000000;10;9445324358;S
20240119;100254;166.510000000;1750;9445324485;S
20240119;100254;166.510000000;1000;9445324486;S
20240119;100254;166.510000000;230;9445324487;S
20240119;100254;166.520000000;1000;9445324494;B
20240119;100254;166.520000000;1000;9445324535;B
20240119;100254;166.520000000;150;9445324549;B
20240119;100254;166.520000000;150;9445324579;B
20240119;100254;166.510000000;770;9445324588;S
20240119;100254;166.510000000;230;9445324589;S
20240119;100255;166.520000000;250;9445324666;B
20240119;100256;166.520000000;10;9445324724;B
20240119;100257;166.510000000;770;9445324925;S
20240119;100257;166.510000000;230;9445324926;S
20240119;100257;166.520000000;70;9445324953;B
20240119;100257;166.520000000;70;9445324964;B
20240119;100258;166.510000000;170;9445325041;S
20240119;100258;166.510000000;600;9445325042;S
20240119;100258;166.510000000;1000;9445325043;S
20240119;100258;166.510000000;800;9445325044;S
20240119;100258;166.510000000;50;9445325045;S
20240119;100258;166.510000000;50;9445325046;S
20240119;100258;166.510000000;330;9445325047;S
20240119;100302;166.520000000;200;9445325449;B
20240119;100303;166.520000000;10;9445325483;B
20240119;100303;166.520000000;1000;9445325635;B
20240119;100305;166.520000000;1200;9445326090;B
20240119;100306;166.510000000;10;9445326280;S
20240119;100306;166.510000000;1470;9445326322;S
20240119;100306;166.510000000;1000;9445326323;S
20240119;100306;166.510000000;2660;9445326324;S
20240119;100306;166.510000000;500;9445326325;S
20240119;100306;166.510000000;10;9445326326;S
20240119;100306;166.500000000;570;9445326327;S
20240119;100307;166.520000000;10;9445326454;B
20240119;100308;166.510000000;200;9445326600;S
20240119;100309;166.520000000;60;9445326738;B
20240119;100309;166.520000000;2000;9445326778;B
20240119;100311;166.510000000;100;9445326931;S
20240119;100312;166.520000000;220;9445327050;B
20240119;100314;166.520000000;5000;9445327324;B
20240119;100315;166.520000000;5000;9445327370;B
20240119;100315;166.520000000;10;9445327378;B
20240119;100315;166.520000000;5000;9445327382;B
20240119;100315;166.520000000;10280;9445327390;B
20240119;100315;166.520000000;5000;9445327409;B
20240119;100315;166.520000000;80;9445327429;B
20240119;100315;166.520000000;10000;9445327434;B
20240119;100315;166.510000000;60;9445327447;S
20240119;100316;166.520000000;10000;9445327459;B
20240119;100316;166.520000000;600;9445327460;B
20240119;100316;166.520000000;50;9445327461;B
20240119;100316;166.520000000;10;9445327462;B
20240119;100316;166.520000000;40;9445327463;B
20240119;100316;166.520000000;5000;9445327464;B
20240119;100316;166.520000000;650;9445327465;B
20240119;100316;166.520000000;60;9445327466;B
20240119;100316;166.520000000;30;9445327467;B
20240119;100317;166.540000000;10;9445327563;B
20240119;100317;166.540000000;60;9445327577;B
20240119;100317;166.550000000;10;9445327578;B
20240119;100317;166.550000000;10;9445327579;B
20240119;100317;166.580000000;50;9445327580;B
20240119;100317;166.590000000;100;9445327581;B
20240119;100317;166.600000000;70;9445327582;B
20240119;100319;166.600000000;30;9445327826;B
20240119;100319;166.600000000;50;9445327827;B
20240119;100319;166.600000000;10;9445327828;B
20240119;100319;166.600000000;3000;9445327829;B
20240119;100319;166.620000000;10;9445327830;B
20240119;100319;166.620000000;10;9445327831;B
20240119;100319;166.640000000;100;9445327832;S
20240119;100319;166.650000000;50;9445327924;B
20240119;100319;166.650000000;10;9445327925;B
20240119;100319;166.650000000;2940;9445327926;B
20240119;100320;166.640000000;210;9445328059;S
20240119;100320;166.640000000;420;9445328060;S
20240119;100321;166.650000000;100;9445328091;B
20240119;100321;166.640000000;30;9445328223;S
20240119;100322;166.650000000;60;9445328255;B
20240119;100322;166.640000000;550;9445328309;S
20240119;100322;166.640000000;560;9445328310;S
20240119;100322;166.650000000;30;9445328334;B
20240119;100323;166.650000000;20;9445328348;B
20240119;100323;166.650000000;800;9445328361;B
20240119;100324;166.640000000;50;9445328607;S
20240119;100324;166.650000000;700;9445328608;B
20240119;100325;166.650000000;90;9445328712;B
20240119;100325;166.660000000;50;9445328713;B
20240119;100325;166.670000000;10;9445328714;B
20240119;100325;166.680000000;1850;9445328715;B
20240119;100325;166.680000000;10;9445328737;B
20240119;100325;166.680000000;10;9445328767;B
20240119;100326;166.680000000;10;9445328822;B
20240119;100326;166.670000000;20;9445328827;S
20240119;100326;166.680000000;2000;9445328840;B
20240119;100326;166.680000000;600;9445328849;B
20240119;100326;166.680000000;10;9445328856;B
20240119;100326;166.670000000;980;9445328874;S
20240119;100326;166.670000000;20;9445328875;S
20240119;100326;166.680000000;10;9445328895;B
20240119;100327;166.680000000;10;9445328930;B
20240119;100327;166.680000000;10;9445329000;B
20240119;100327;166.670000000;980;9445329023;S
20240119;100327;166.670000000;20;9445329024;S
20240119;100328;166.680000000;10;9445329088;B
20240119;100328;166.680000000;10;9445329143;B
20240119;100328;166.680000000;20;9445329160;B
20240119;100329;166.680000000;10;9445329215;B
20240119;100329;166.680000000;50;9445329255;B
20240119;100329;166.680000000;10;9445329273;B
20240119;100329;166.680000000;3380;9445329318;B
20240119;100329;166.700000000;1000;9445329319;B
20240119;100329;166.700000000;10;9445329320;B
20240119;100329;166.700000000;10;9445329321;B
20240119;100329;166.700000000;10;9445329322;B
20240119;100329;166.730000000;40;9445329323;B
20240119;100329;166.740000000;3550;9445329324;B
20240119;100329;166.740000000;10;9445329358;B
20240119;100330;166.730000000;40;9445329417;S
20240119;100330;166.740000000;10;9445329430;B
20240119;100330;166.750000000;20;9445329437;B
20240119;100330;166.750000000;50;9445329438;B
20240119;100330;166.750000000;10;9445329439;B
20240119;100330;166.780000000;10;9445329480;B
20240119;100330;166.780000000;40;9445329481;B
20240119;100330;166.780000000;60;9445329482;B
20240119;100331;166.790000000;100;9445329531;B
20240119;100331;166.790000000;100;9445329532;B
20240119;100331;166.790000000;1220;9445329533;B
20240119;100331;166.800000000;10;9445329550;B
20240119;100331;166.800000000;10;9445329569;B
20240119;100331;166.800000000;80;9445329594;B
20240119;100331;166.800000000;10;9445329607;B
20240119;100332;166.800000000;250;9445329723;B
20240119;100334;166.790000000;100;9445329936;S
20240119;100334;166.800000000;30;9445329972;B
20240119;100334;166.800000000;20;9445329995;B
20240119;100334;166.800000000;200;9445329996;B
20240119;100334;166.800000000;10;9445329997;B
20240119;100334;166.800000000;1000;9445329998;B
20240119;100334;166.800000000;3000;9445329999;B
20240119;100334;166.820000000;20;9445330000;B
20240119;100334;166.830000000;80;9445330001;B
20240119;100334;166.830000000;60;9445330002;B
20240119;100334;166.840000000;20;9445330003;B
20240119;100334;166.840000000;1290;9445330004;B
20240119;100334;166.830000000;10;9445330035;S
20240119;100335;166.830000000;50;9445330089;S
20240119;100335;166.840000000;80;9445330100;B
20240119;100335;166.840000000;20;9445330101;B
20240119;100335;166.840000000;10;9445330109;B
20240119;100335;166.840000000;30;9445330133;B
20240119;100335;166.850000000;10;9445330134;B
20240119;100335;166.850000000;20;9445330135;B
20240119;100335;166.850000000;300;9445330147;B
20240119;100335;166.840000000;500;9445330170;B
20240119;100336;166.840000000;50;9445330260;B
20240119;100336;166.830000000;20;9445330341;S
20240119;100336;166.840000000;2000;9445330357;B
20240119;100336;166.840000000;1240;9445330360;B
20240119;100340;166.830000000;100;9445330681;S
20240119;100342;166.840000000;10;9445330986;B
20240119;100342;166.830000000;10;9445331007;S
20240119;100342;166.840000000;10;9445331040;B
20240119;100343;166.840000000;20;9445331114;B
20240119;100343;166.830000000;270;9445331127;S
20240119;100343;166.830000000;270;9445331128;S
20240119;100343;166.830000000;370;9445331129;S
20240119;100343;166.830000000;1000;9445331130;S
20240119;100343;166.830000000;200;9445331131;S
20240119;100343;166.830000000;360;9445331132;S
20240119;100343;166.830000000;500;9445331133;S
20240119;100344;166.830000000;30;9445331170;B
20240119;100344;166.830000000;500;9445331299;B
20240119;100346;166.820000000;10;9445331522;B
20240119;100346;166.820000000;90;9445331523;B
20240119;100346;166.800000000;100;9445331644;S
20240119;100346;166.800000000;20;9445331645;S
20240119;100346;166.800000000;250;9445331646;S
20240119;100346;166.790000000;130;9445331647;S
20240119;100347;166.800000000;600;9445331723;S
20240119;100347;166.790000000;100;9445331724;S
20240119;100348;166.810000000;50;9445331884;B
20240119;100348;166.790000000;770;9445331897;S
20240119;100348;166.780000000;50;9445331898;S
20240119;100348;166.780000000;150;9445331899;S
20240119;100348;166.780000000;50;9445331900;S
20240119;100348;166.760000000;50;9445331901;S
20240119;100348;166.730000000;800;9445331902;S
20240119;100348;166.730000000;1000;9445331903;S
20240119;100348;166.720000000;16000;9445331904;S
20240119;100348;166.700000000;2000;9445331905;S
20240119;100348;166.680000000;700;9445331906;S
20240119;100348;166.680000000;10;9445331907;S
20240119;100348;166.680000000;100;9445331908;S
20240119;100348;166.680000000;10;9445331909;S
20240119;100348;166.670000000;8000;9445331910;S
20240119;100348;166.670000000;8000;9445331911;S
20240119;100348;166.660000000;100;9445331912;S
20240119;100348;166.660000000;20;9445331913;S
20240119;100348;166.650000000;10;9445331914;S
20240119;100348;166.650000000;300;9445331915;S
20240119;100348;166.640000000;50;9445331916;S
20240119;100348;166.620000000;2000;9445331917;S
20240119;100348;166.610000000;150;9445331918;S
20240119;100348;166.600000000;930;9445331919;S
20240119;100348;166.560000000;8750;9445331920;S
20240119;100349;166.610000000;30;9445332070;S
20240119;100350;166.690000000;30;9445332113;B
20240119;100350;166.610000000;200;9445332117;S
20240119;100350;166.610000000;200;9445332145;S
20240119;100350;166.680000000;500;9445332170;B
20240119;100350;166.710000000;1500;9445332171;B
20240119;100350;166.700000000;20;9445332197;B
20240119;100351;166.710000000;40;9445332251;B
20240119;100351;166.720000000;800;9445332252;B
20240119;100351;166.740000000;610;9445332253;B
20240119;100351;166.750000000;130;9445332264;B
20240119;100351;166.750000000;70;9445332287;B
20240119;100351;166.750000000;40;9445332289;B
20240119;100351;166.750000000;40;9445332290;B
20240119;100351;166.750000000;80;9445332291;B
20240119;100351;166.750000000;90;9445332292;B
20240119;100351;166.750000000;190;9445332293;B
20240119;100351;166.750000000;110;9445332294;B
20240119;100351;166.750000000;40;9445332295;B
20240119;100351;166.750000000;50;9445332296;B
20240119;100351;166.750000000;490;9445332297;B
20240119;100351;166.750000000;210;9445332298;B
20240119;100351;166.750000000;110;9445332299;B
20240119;100351;166.750000000;40;9445332300;B
20240119;100351;166.750000000;100;9445332301;B
20240119;100351;166.750000000;110;9445332302;B
20240119;100352;166.620000000;100;9445332451;S
20240119;100354;166.730000000;10;9445332622;B
20240119;100354;166.740000000;30;9445332623;B
20240119;100354;166.760000000;60;9445332624;B
20240119;100354;166.770000000;800;9445332625;B
20240119;100354;166.780000000;1100;9445332626;B
20240119;100354;166.770000000;30;9445332633;B
20240119;100354;166.780000000;90;9445332634;B
20240119;100354;166.780000000;880;9445332635;B
20240119;100355;166.780000000;10;9445332650;B
20240119;100355;166.790000000;60;9445332651;B
20240119;100355;166.640000000;60;9445332652;S
20240119;100355;166.770000000;10;9445332662;B
20240119;100355;166.780000000;130;9445332663;B
20240119;100355;166.770000000;10;9445332727;B
20240119;100355;166.780000000;990;9445332728;B
20240119;100355;166.820000000;360;9445332770;B
20240119;100357;166.820000000;30;9445333056;B
20240119;100359;166.740000000;10;9445333436;S
20240119;100359;166.710000000;110;9445333437;S
20240119;100359;166.710000000;10;9445333443;S
20240119;100401;166.760000000;100;9445333612;B
20240119;100401;166.750000000;100;9445333699;S
20240119;100401;166.750000000;900;9445333700;S
20240119;100401;166.750000000;1000;9445333701;S
20240119;100401;166.750000000;200;9445333702;S
20240119;100401;166.750000000;1000;9445333703;S
20240119;100401;166.750000000;1000;9445333704;S
20240119;100401;166.750000000;500;9445333705;S
20240119;100401;166.740000000;50;9445333706;S
20240119;100401;166.740000000;2000;9445333707;S
20240119;100401;166.700000000;2000;9445333708;S
20240119;100401;166.680000000;1810;9445333709;S
20240119;100401;166.670000000;8000;9445333710;S
20240119;100401;166.640000000;100;9445333711;S
20240119;100401;166.630000000;2000;9445333712;S
20240119;100401;166.610000000;570;9445333713;S
20240119;100401;166.610000000;10;9445333714;S
20240119;100401;166.590000000;700;9445333715;S
20240119;100401;166.580000000;1000;9445333716;S
20240119;100401;166.580000000;20;9445333717;S
20240119;100401;166.570000000;8000;9445333718;S
20240119;100401;166.540000000;200;9445333719;S
20240119;100401;166.530000000;10;9445333720;S
20240119;100401;166.520000000;200;9445333721;S
20240119;100401;166.520000000;10;9445333722;S
20240119;100401;166.500000000;100;9445333723;S
20240119;100401;166.500000000;20;9445333724;S
20240119;100401;166.500000000;10;9445333725;S
20240119;100401;166.500000000;100;9445333726;S
20240119;100401;166.500000000;500;9445333727;S
20240119;100401;166.500000000;60;9445333728;S
20240119;100401;166.490000000;1020;9445333729;S
20240119;100401;166.480000000;200;9445333730;S
20240119;100401;166.480000000;6000;9445333731;S
20240119;100401;166.460000000;1000;9445333732;S
20240119;100401;166.450000000;10;9445333733;S
20240119;100401;166.430000000;6000;9445333734;S
20240119;100401;166.410000000;10;9445333735;S
20240119;100401;166.410000000;50;9445333736;S
20240119;100401;166.410000000;250;9445333737;S
20240119;100401;166.410000000;3290;9445333738;S
20240119;100401;166.680000000;800;9445333740;B
20240119;100401;166.680000000;1000;9445333741;B
20240119;100401;166.680000000;1500;9445333742;B
20240119;100401;166.680000000;2000;9445333743;B
20240119;100402;166.740000000;20;9445333756;S
20240119;100402;166.760000000;200;9445333763;B
20240119;100402;166.760000000;510;9445333764;B
20240119;100402;166.760000000;700;9445333765;B
20240119;100402;166.760000000;590;9445333766;B
20240119;100402;166.760000000;20;9445333841;B
20240119;100402;166.760000000;200;9445333870;B
20240119;100404;166.760000000;280;9445333990;B
20240119;100404;166.770000000;100;9445333997;B
20240119;100404;166.770000000;10;9445334011;S
20240119;100404;166.780000000;310;9445334013;B
20240119;100404;166.780000000;190;9445334020;B
20240119;100404;166.790000000;310;9445334021;B
20240119;100404;166.780000000;500;9445334022;S
20240119;100404;166.780000000;400;9445334023;S
20240119;100404;166.780000000;1000;9445334024;B
20240119;100404;166.780000000;980;9445334025;B
20240119;100404;166.780000000;1000;9445334026;B
20240119;100404;166.780000000;1000;9445334027;B
20240119;100404;166.780000000;2000;9445334047;B
20240119;100404;166.780000000;2000;9445334116;B
20240119;100404;166.780000000;1000;9445334117;B
20240119;100404;166.780000000;1500;9445334118;B
20240119;100405;166.780000000;2000;9445334170;B
20240119;100405;166.780000000;1000;9445334171;B
20240119;100405;166.780000000;1000;9445334172;B
20240119;100405;166.780000000;3000;9445334173;B
20240119;100405;166.780000000;2500;9445334175;B
20240119;100405;166.780000000;2000;9445334260;B
20240119;100405;166.780000000;1000;9445334261;B
20240119;100405;166.780000000;110;9445334262;B
20240119;100405;166.790000000;100;9445334288;B
20240119;100406;166.790000000;30;9445334313;B
20240119;100406;166.790000000;170;9445334342;B
20240119;100406;166.800000000;500;9445334343;B
20240119;100406;166.820000000;100;9445334344;B
20240119;100406;166.820000000;250;9445334345;B
20240119;100406;166.830000000;1500;9445334346;B
20240119;100406;166.830000000;50;9445334347;B
20240119;100406;166.830000000;50;9445334381;B
20240119;100407;166.830000000;1800;9445334425;B
20240119;100407;166.850000000;3200;9445334426;B
20240119;100407;166.850000000;1500;9445334427;B
20240119;100407;166.850000000;100;9445334554;B
20240119;100408;166.840000000;300;9445334648;S
20240119;100408;166.850000000;2000;9445334651;B
20240119;100408;166.840000000;50;9445334667;S
20240119;100408;166.850000000;2400;9445334695;B
20240119;100408;166.850000000;480;9445334724;B
20240119;100408;166.850000000;500;9445334725;B
20240119;100408;166.850000000;100;9445334726;B
20240119;100408;166.870000000;10;9445334727;B
20240119;100408;166.880000000;50;9445334728;B
20240119;100408;166.890000000;1560;9445334729;B
20240119;100408;166.890000000;340;9445334730;B
20240119;100408;166.890000000;200;9445334731;B
20240119;100408;166.890000000;40;9445334732;B
20240119;100409;166.900000000;10;9445334744;B
20240119;100409;166.900000000;300;9445334745;B
20240119;100409;166.900000000;10;9445334746;B
20240119;100409;166.900000000;50;9445334747;B
20240119;100409;166.900000000;10;9445334748;B
20240119;100409;166.900000000;10;9445334749;B
20240119;100409;166.900000000;10;9445334750;B
20240119;100409;166.900000000;400;9445334751;B
20240119;100409;166.900000000;10;9445334752;B
20240119;100409;166.900000000;1500;9445334753;B
20240119;100409;166.900000000;100;9445334759;B
20240119;100409;166.900000000;500;9445334776;B
20240119;100409;166.910000000;60;9445334777;B
20240119;100409;166.920000000;10;9445334816;B
20240119;100409;166.920000000;190;9445334852;B
20240119;100409;166.920000000;220;9445334853;B
20240119;100409;166.920000000;50;9445334854;B
20240119;100409;166.930000000;300;9445334855;B
20240119;100409;166.930000000;70;9445334856;B
20240119;100409;166.930000000;3180;9445334857;B
20240119;100409;166.930000000;110;9445334876;B
20240119;100409;166.930000000;220;9445334973;B
20240119;100409;166.930000000;80;9445334994;B
20240119;100409;166.930000000;540;9445335019;B
20240119;100409;166.930000000;70;9445335026;B
20240119;100409;166.930000000;80;9445335093;B
20240119;100409;166.930000000;10;9445335094;B
20240119;100409;166.930000000;1300;9445335095;B
20240119;100409;166.920000000;450;9445335097;S
20240119;100409;166.920000000;550;9445335098;S
20240119;100409;166.930000000;20;9445335103;B
20240119;100410;166.930000000;990;9445335146;B
20240119;100410;166.930000000;30;9445335189;B
20240119;100410;166.930000000;10;9445335209;B
20240119;100410;166.930000000;120;9445335212;B
20240119;100410;166.930000000;30;9445335213;B
20240119;100410;166.930000000;100;9445335224;B
20240119;100410;166.930000000;20;9445335231;B
20240119;100410;166.930000000;3090;9445335265;B
20240119;100410;166.930000000;100;9445335266;B
20240119;100410;166.930000000;100;9445335267;B
20240119;100410;166.940000000;140;9445335268;B
20240119;100410;166.950000000;10;9445335269;B
20240119;100410;166.950000000;50;9445335270;B
20240119;100410;166.950000000;120;9445335271;B
20240119;100410;166.950000000;500;9445335272;B
20240119;100410;166.950000000;100;9445335273;B
20240119;100410;166.950000000;10;9445335274;B
20240119;100410;166.950000000;20;9445335275;B
20240119;100410;166.960000000;130;9445335276;B
20240119;100410;166.970000000;630;9445335277;B
20240119;100410;166.960000000;60;9445335279;B
20240119;100411;166.970000000;200;9445335326;B
20240119;100411;166.960000000;70;9445335346;S
20240119;100411;166.970000000;10;9445335349;B
20240119;100411;166.970000000;20;9445335366;B
20240119;100411;166.970000000;140;9445335402;B
20240119;100411;166.970000000;10;9445335403;B
20240119;100411;166.970000000;140;9445335404;B
20240119;100411;166.970000000;100;9445335405;B
20240119;100411;166.970000000;100;9445335406;B
20240119;100411;166.980000000;100;9445335408;B
20240119;100411;166.980000000;10;9445335411;B
20240119;100411;166.980000000;390;9445335425;B
20240119;100411;166.980000000;2000;9445335426;B
20240119;100411;166.980000000;10;9445335427;B
20240119;100411;166.980000000;100;9445335428;B
20240119;100411;166.980000000;40;9445335450;B
20240119;100411;166.990000000;180;9445335451;B
20240119;100411;166.990000000;50;9445335452;B
20240119;100411;166.990000000;4730;9445335453;B
20240119;100411;166.990000000;600;9445335454;B
20240119;100412;166.990000000;20;9445335501;B
20240119;100412;166.990000000;10;9445335507;B
20240119;100412;166.990000000;200;9445335530;B
20240119;100412;166.990000000;10;9445335531;B
20240119;100412;166.990000000;10;9445335534;B
20240119;100412;166.990000000;500;9445335551;B
20240119;100412;166.990000000;2500;9445335552;B
20240119;100412;166.990000000;500;9445335554;B
20240119;100412;166.990000000;500;9445335578;B
20240119;100412;166.980000000;30;9445335583;S
20240119;100412;166.980000000;10;9445335584;S
20240119;100413;166.990000000;30;9445335692;B
20240119;100413;166.990000000;1000;9445335703;B
20240119;100414;166.990000000;10;9445335765;B
20240119;100414;166.980000000;280;9445335841;S
20240119;100414;166.980000000;1000;9445335842;S
20240119;100414;166.980000000;1000;9445335843;S
20240119;100414;166.980000000;520;9445335844;S
20240119;100414;166.980000000;20;9445335856;S
20240119;100414;166.990000000;3000;9445335862;B
20240119;100415;166.990000000;500;9445335912;B
20240119;100415;166.990000000;120;9445335958;B
20240119;100415;166.990000000;880;9445335959;B
20240119;100417;166.990000000;30;9445336093;B
20240119;100417;166.980000000;200;9445336104;S
20240119;100417;166.980000000;910;9445336105;S
20240119;100417;166.990000000;90;9445336111;B
20240119;100417;166.990000000;2890;9445336112;B
20240119;100418;166.980000000;90;9445336233;S
20240119;100418;166.980000000;1000;9445336234;S
20240119;100418;166.980000000;100;9445336235;S
20240119;100418;166.980000000;100;9445336236;S
20240119;100418;166.970000000;710;9445336237;S
20240119;100418;166.980000000;50;9445336260;S
20240119;100418;166.980000000;100;9445336261;B
20240119;100418;166.980000000;500;9445336330;B
20240119;100419;166.980000000;10;9445336507;B
20240119;100419;166.980000000;100;9445336549;B
20240119;100420;166.970000000;110;9445336649;S
20240119;100421;166.970000000;70;9445336731;S
20240119;100421;166.980000000;100;9445336732;B
20240119;100421;166.980000000;200;9445336733;B
20240119;100421;166.980000000;500;9445336786;B
20240119;100422;166.980000000;100;9445336832;B
20240119;100423;166.980000000;90;9445336954;B
20240119;100423;166.980000000;100;9445336955;B
20240119;100423;166.980000000;250;9445336956;B
20240119;100423;166.980000000;60;9445336957;B
20240119;100423;166.970000000;10;9445336977;S
20240119;100423;166.980000000;900;9445336995;B
20240119;100423;166.980000000;30;9445336996;B
20240119;100423;166.980000000;10;9445336997;B
20240119;100423;166.980000000;50;9445336998;B
20240119;100423;166.990000000;110;9445336999;B
20240119;100423;166.980000000;20;9445337033;S
20240119;100424;166.990000000;17000;9445337075;B
20240119;100424;166.990000000;100;9445337076;B
20240119;100424;167.000000000;300;9445337077;B
20240119;100424;167.000000000;10;9445337078;B
20240119;100424;167.000000000;800;9445337079;B
20240119;100424;167.000000000;200;9445337080;B
20240119;100424;167.000000000;100;9445337081;B
20240119;100424;167.000000000;10;9445337082;B
20240119;100424;167.000000000;10;9445337083;B
20240119;100424;167.000000000;10;9445337084;B
20240119;100424;167.000000000;10;9445337085;B
20240119;100424;167.000000000;10;9445337086;B
20240119;100424;167.000000000;100;9445337087;B
20240119;100424;167.000000000;10;9445337088;B
20240119;100424;167.000000000;30;9445337089;B
20240119;100424;167.000000000;1300;9445337090;B
20240119;100424;167.000000000;500;9445337096;B
20240119;100424;167.000000000;50;9445337114;B
20240119;100424;167.000000000;1880;9445337141;B
20240119;100424;166.990000000;10;9445337152;S
20240119;100424;166.990000000;100;9445337165;S
20240119;100424;166.990000000;20;9445337169;S
20240119;100424;167.000000000;200;9445337170;B
20240119;100424;167.000000000;500;9445337171;B
20240119;100424;167.000000000;1570;9445337174;B
20240119;100424;167.000000000;90;9445337175;B
20240119;100424;167.000000000;160;9445337176;B
20240119;100424;167.000000000;180;9445337177;B
20240119;100425;166.990000000;70;9445337202;S
20240119;100425;166.990000000;200;9445337214;S
20240119;100425;167.000000000;20;9445337280;B
20240119;100425;167.000000000;300;9445337281;B
20240119;100425;167.000000000;180;9445337282;B
20240119;100425;167.000000000;20;9445337291;B
20240119;100425;167.000000000;40;9445337292;B
20240119;100425;167.000000000;60;9445337293;B
20240119;100425;167.000000000;50;9445337294;B
20240119;100425;167.000000000;10;9445337295;B
20240119;100425;167.000000000;10;9445337296;B
20240119;100425;167.000000000;100;9445337297;B
20240119;100425;167.000000000;200;9445337298;B
20240119;100425;167.000000000;30;9445337299;B
20240119;100425;167.000000000;90;9445337300;B
20240119;100425;167.000000000;10;9445337301;B
20240119;100425;167.000000000;20;9445337302;B
20240119;100425;167.000000000;100;9445337303;B
20240119;100425;167.000000000;100;9445337304;B
20240119;100425;167.000000000;10;9445337305;B
20240119;100425;167.010000000;60;9445337306;B
20240119;100425;167.000000000;580;9445337309;S
20240119;100425;167.010000000;10;9445337421;B
20240119;100425;167.030000000;20;9445337432;B
20240119;100426;167.040000000;290;9445337463;B
20240119;100426;167.020000000;600;9445337471;S
20240119;100426;167.020000000;1000;9445337472;S
20240119;100426;167.020000000;400;9445337473;S
20240119;100426;167.040000000;50;9445337512;B
20240119;100426;167.040000000;40;9445337513;B
20240119;100426;167.050000000;10;9445337525;B
20240119;100426;167.050000000;40;9445337551;B
20240119;100426;167.050000000;10;9445337552;B
20240119;100426;167.050000000;10;9445337553;B
20240119;100426;167.050000000;100;9445337554;B
20240119;100426;167.060000000;140;9445337555;B
20240119;100426;167.060000000;170;9445337607;B
20240119;100426;167.060000000;300;9445337654;B
20240119;100427;167.050000000;10;9445337692;S
20240119;100427;167.060000000;390;9445337733;B
20240119;100427;167.060000000;100;9445337734;B
20240119;100427;167.060000000;10;9445337735;B
20240119;100427;167.060000000;100;9445337789;B
20240119;100427;167.060000000;20;9445337818;B
20240119;100427;167.060000000;10;9445337819;B
20240119;100429;167.060000000;2990;9445338024;B
20240119;100429;167.080000000;360;9445338025;B
20240119;100429;167.080000000;100;9445338026;B
20240119;100429;167.090000000;50;9445338039;B
20240119;100429;167.090000000;500;9445338040;B
20240119;100429;167.090000000;50;9445338041;B
20240119;100429;167.100000000;250;9445338042;B
20240119;100429;167.100000000;10;9445338043;B
20240119;100429;167.100000000;10;9445338044;B
20240119;100429;167.100000000;50;9445338045;B
20240119;100429;167.100000000;50;9445338046;B
20240119;100429;167.100000000;10;9445338047;B
20240119;100429;167.100000000;10;9445338048;B
20240119;100429;167.100000000;200;9445338049;B
20240119;100429;167.100000000;1050;9445338050;B
20240119;100429;167.090000000;100;9445338061;S
20240119;100430;167.100000000;100;9445338097;B
20240119;100430;167.100000000;50;9445338145;B
20240119;100430;167.100000000;1300;9445338180;B
20240119;100430;167.100000000;10;9445338181;B
20240119;100430;167.100000000;10;9445338182;B
20240119;100430;167.100000000;70;9445338183;B
20240119;100430;167.100000000;1610;9445338184;B
20240119;100430;167.090000000;160;9445338190;S
20240119;100430;167.090000000;1000;9445338191;S
20240119;100430;167.080000000;840;9445338192;S
20240119;100430;167.090000000;250;9445338215;S
20240119;100431;167.090000000;600;9445338268;S
20240119;100431;167.090000000;70;9445338269;S
20240119;100431;167.090000000;100;9445338270;S
20240119;100431;167.080000000;9230;9445338271;S
20240119;100431;167.100000000;390;9445338309;B
20240119;100431;167.100000000;50;9445338310;B
20240119;100431;167.110000000;60;9445338311;B
20240119;100431;167.120000000;100;9445338313;B
20240119;100431;167.110000000;300;9445338341;S
20240119;100431;167.120000000;30;9445338347;B
20240119;100432;167.120000000;50;9445338367;B
20240119;100432;167.110000000;60;9445338387;S
20240119;100432;167.110000000;80;9445338391;S
20240119;100432;167.120000000;20;9445338431;B
20240119;100432;167.120000000;70;9445338432;B
20240119;100432;167.120000000;10;9445338433;B
20240119;100432;167.130000000;50;9445338434;B
20240119;100432;167.130000000;380;9445338435;B
20240119;100432;167.140000000;1810;9445338436;B
20240119;100432;167.140000000;590;9445338437;B
20240119;100432;167.150000000;50;9445338438;B
20240119;100432;167.150000000;7020;9445338439;B
20240119;100432;167.140000000;1000;9445338441;B
20240119;100432;167.140000000;810;9445338442;B
20240119;100432;167.140000000;20;9445338447;S
20240119;100432;167.150000000;400;9445338458;B
20240119;100432;167.140000000;10;9445338496;S
20240119;100432;167.150000000;100;9445338525;B
20240119;100433;167.150000000;10;9445338587;B
20240119;100433;167.150000000;7470;9445338589;B
20240119;100433;167.150000000;10;9445338590;B
20240119;100433;167.150000000;80;9445338591;B
20240119;100433;167.150000000;10;9445338592;B
20240119;100433;167.150000000;3000;9445338593;B
20240119;100433;167.150000000;10;9445338594;B
20240119;100433;167.160000000;100;9445338595;B
20240119;100433;167.170000000;1130;9445338596;B
20240119;100433;167.170000000;100;9445338597;B
20240119;100433;167.180000000;1000;9445338598;B
20240119;100433;167.180000000;20;9445338599;B
20240119;100433;167.180000000;50;9445338600;B
20240119;100433;167.190000000;10;9445338601;B
20240119;100433;167.190000000;800;9445338602;B
20240119;100433;167.200000000;10;9445338603;B
20240119;100433;167.200000000;10;9445338604;B
20240119;100433;167.200000000;40;9445338605;B
20240119;100433;167.200000000;640;9445338606;B
20240119;100433;167.200000000;50;9445338607;B
20240119;100433;167.200000000;10;9445338608;B
20240119;100433;167.200000000;10;9445338609;B
20240119;100433;167.200000000;400;9445338610;B
20240119;100433;167.200000000;100;9445338611;B
20240119;100433;167.200000000;2500;9445338612;B
20240119;100433;167.200000000;10;9445338613;B
20240119;100433;167.220000000;100;9445338614;B
20240119;100433;167.220000000;30;9445338615;B
20240119;100433;167.220000000;290;9445338616;B
20240119;100433;167.230000000;500;9445338617;B
20240119;100433;167.230000000;1810;9445338618;B
20240119;100433;167.230000000;6690;9445338619;B
20240119;100433;167.180000000;80;9445338620;B
20240119;100433;167.220000000;920;9445338621;B
20240119;100433;167.220000000;160;9445338622;B
20240119;100433;167.210000000;340;9445338625;S
20240119;100433;167.220000000;1000;9445338627;B
20240119;100433;167.220000000;10;9445338628;B
20240119;100433;167.210000000;260;9445338640;S
20240119;100433;167.210000000;100;9445338641;S
20240119;100433;167.210000000;570;9445338642;S
20240119;100433;167.210000000;430;9445338652;S
20240119;100433;167.210000000;570;9445338653;S
20240119;100433;167.210000000;430;9445338667;S
20240119;100433;167.210000000;1000;9445338668;S
20240119;100433;167.210000000;1000;9445338669;S
20240119;100433;167.210000000;60;9445338670;S
20240119;100433;167.210000000;20;9445338675;S
20240119;100433;167.210000000;20;9445338684;S
20240119;100434;167.210000000;50;9445338720;S
20240119;100434;167.210000000;250;9445338733;S
20240119;100434;167.210000000;250;9445338734;S
20240119;100434;167.230000000;10;9445338735;B
20240119;100434;167.220000000;10;9445338755;B
20240119;100434;167.230000000;50;9445338765;B
20240119;100434;167.240000000;100;9445338766;B
20240119;100434;167.240000000;20;9445338767;B
20240119;100434;167.240000000;500;9445338768;B
20240119;100434;167.240000000;50;9445338769;B
20240119;100434;167.240000000;350;9445338770;B
20240119;100434;167.240000000;50;9445338772;B
20240119;100434;167.240000000;1410;9445338782;B
20240119;100434;167.240000000;150;9445338783;B
20240119;100434;167.250000000;50;9445338784;B
20240119;100434;167.250000000;10;9445338785;B
20240119;100434;167.250000000;10;9445338786;B
20240119;100434;167.250000000;10;9445338787;B
20240119;100434;167.250000000;10;9445338788;B
20240119;100434;167.250000000;30;9445338789;B
20240119;100434;167.250000000;50;9445338790;B
20240119;100434;167.250000000;5770;9445338791;B
20240119;100434;167.250000000;230;9445338800;B
20240119;100434;167.260000000;140;9445338801;B
20240119;100434;167.260000000;630;9445338802;B
20240119;100434;167.260000000;680;9445338803;B
20240119;100434;167.260000000;40;9445338804;B
20240119;100434;167.270000000;300;9445338847;B
20240119;100434;167.270000000;50;9445338886;B
20240119;100434;167.250000000;50;9445338889;S
20240119;100434;167.250000000;20;9445338891;S
20240119;100435;167.250000000;330;9445338901;S
20240119;100435;167.250000000;160;9445338934;S
20240119;100435;167.250000000;1000;9445338935;S
20240119;100435;167.250000000;600;9445338936;S
20240119;100435;167.250000000;400;9445338937;S
20240119;100435;167.250000000;350;9445338938;S
20240119;100435;167.250000000;17620;9445338939;S
20240119;100435;167.240000000;100;9445338940;S
20240119;100435;167.240000000;100;9445338941;S
20240119;100435;167.240000000;200;9445338942;S
20240119;100435;167.220000000;900;9445338943;S
20240119;100435;167.210000000;2000;9445338944;S
20240119;100435;167.210000000;5000;9445338945;S
20240119;100435;167.200000000;5000;9445338966;B
20240119;100435;167.190000000;20;9445338970;S
20240119;100435;167.200000000;80;9445338971;B
20240119;100435;167.200000000;400;9445338976;B
20240119;100435;167.190000000;50;9445338982;S
20240119;100435;167.160000000;1000;9445338983;S
20240119;100435;167.120000000;1400;9445338984;B
20240119;100435;167.120000000;10;9445338987;B
20240119;100435;167.120000000;1000;9445338991;B
20240119;100435;167.120000000;1000;9445339003;B
20240119;100436;167.110000000;10;9445339163;S
20240119;100437;167.120000000;540;9445339253;B
20240119;100437;167.120000000;10;9445339254;B
20240119;100437;167.180000000;100;9445339255;B
20240119;100437;167.190000000;800;9445339256;B
20240119;100437;167.200000000;550;9445339257;B
20240119;100437;167.110000000;40;9445339285;S
20240119;100437;167.110000000;200;9445339286;S
20240119;100437;167.110000000;200;9445339287;S
20240119;100437;167.090000000;100;9445339288;S
20240119;100437;167.090000000;20;9445339289;S
20240119;100437;167.090000000;20;9445339290;S
20240119;100437;167.080000000;500;9445339291;S
20240119;100437;167.070000000;2000;9445339292;S
20240119;100437;167.060000000;40;9445339293;S
20240119;100437;167.040000000;2000;9445339294;S
20240119;100437;167.030000000;30;9445339295;S
20240119;100437;167.020000000;960;9445339296;S
20240119;100437;167.010000000;250;9445339297;S
20240119;100437;167.010000000;700;9445339298;S
20240119;100437;167.000000000;4570;9445339299;S
20240119;100437;167.000000000;50;9445339300;S
20240119;100437;167.000000000;1200;9445339301;S
20240119;100437;167.000000000;20;9445339302;S
20240119;100437;167.000000000;430;9445339303;S
20240119;100437;167.000000000;90;9445339304;S
20240119;100437;167.000000000;16000;9445339305;S
20240119;100437;167.000000000;8000;9445339306;S
20240119;100437;167.000000000;550;9445339307;S
20240119;100437;166.990000000;50;9445339308;S
20240119;100437;166.990000000;50;9445339309;S
20240119;100437;166.990000000;60;9445339310;S
20240119;100437;166.990000000;2000;9445339311;S
20240119;100437;166.980000000;10;9445339312;S
20240119;100437;166.980000000;80;9445339313;S
20240119;100437;166.970000000;8000;9445339314;S
20240119;100437;166.950000000;1780;9445339315;S
20240119;100437;166.950000000;320;9445339316;S
20240119;100437;166.950000000;1680;9445339317;B
20240119;100437;167.110000000;1000;9445339318;S
20240119;100437;167.120000000;20;9445339319;B
20240119;100437;167.120000000;230;9445339320;S
20240119;100437;167.180000000;100;9445339321;S
20240119;100437;167.180000000;100;9445339322;S
20240119;100437;167.180000000;1000;9445339323;S
20240119;100437;167.190000000;200;9445339324;B
20240119;100437;167.190000000;100;9445339325;B
20240119;100437;167.120000000;30;9445339327;S
20240119;100437;167.120000000;10;9445339330;S
20240119;100438;167.170000000;310;9445339369;B
20240119;100438;167.170000000;220;9445339370;B
20240119;100438;167.170000000;780;9445339371;S
20240119;100438;167.180000000;20;9445339385;B
20240119;100438;167.180000000;670;9445339386;B
20240119;100438;167.090000000;500;9445339445;B
20240119;100440;167.060000000;10;9445339817;B
20240119;100440;167.070000000;50;9445339818;B
20240119;100440;167.090000000;15200;9445339819;B
20240119;100440;167.090000000;1310;9445339820;B
20240119;100440;167.100000000;800;9445339821;B
20240119;100440;167.100000000;30;9445339822;B
20240119;100440;167.100000000;20;9445339860;S
20240119;100440;167.110000000;500;9445339904;B
20240119;100440;167.110000000;100;9445339905;B
20240119;100440;167.120000000;300;9445339906;B
20240119;100440;167.160000000;1100;9445339907;B
20240119;100441;167.100000000;1000;9445339929;S
20240119;100442;167.100000000;500;9445340033;S
20240119;100442;167.150000000;30;9445340040;B
20240119;100442;167.150000000;520;9445340041;B
20240119;100443;167.140000000;10;9445340258;B
20240119;100444;167.150000000;10;9445340268;B
20240119;100444;167.170000000;100;9445340300;B
20240119;100444;167.150000000;20;9445340319;S
20240119;100444;167.170000000;90;9445340409;B
20240119;100444;167.170000000;10;9445340525;B
20240119;100445;167.170000000;250;9445340576;B
20240119;100445;167.160000000;90;9445340614;S
20240119;100446;167.170000000;840;9445340701;B
20240119;100446;167.180000000;500;9445340722;B
20240119;100446;167.180000000;1000;9445340723;B
20240119;100446;167.180000000;200;9445340724;B
20240119;100446;167.180000000;300;9445340742;S
20240119;100447;167.190000000;100;9445340779;B
20240119;100447;167.190000000;100;9445340800;B
20240119;100448;167.200000000;540;9445340868;B
20240119;100448;167.200000000;1060;9445340869;B
20240119;100448;167.190000000;3000;9445340884;B
20240119;100449;167.180000000;500;9445340969;S
20240119;100449;167.190000000;220;9445341081;B
20240119;100449;167.200000000;1380;9445341082;B
20240119;100450;167.190000000;10;9445341169;B
20240119;100450;167.200000000;60;9445341190;B
20240119;100450;167.200000000;100;9445341191;B
20240119;100450;167.200000000;840;9445341192;B
20240119;100450;167.200000000;150;9445341212;B
20240119;100451;167.200000000;50;9445341248;B
20240119;100451;167.200000000;600;9445341308;B
20240119;100451;167.190000000;60;9445341339;S
20240119;100451;167.190000000;10;9445341340;S
20240119;100451;167.180000000;430;9445341341;S
20240119;100452;167.190000000;500;9445341365;B
20240119;100452;167.190000000;1000;9445341366;B
20240119;100452;167.180000000;10;9445341430;S
20240119;100453;167.180000000;2060;9445341661;S
20240119;100453;167.180000000;10;9445341662;S
20240119;100453;167.160000000;10;9445341663;S
20240119;100453;167.120000000;20;9445341664;S
20240119;100453;167.100000000;50;9445341665;S
20240119;100453;167.100000000;400;9445341666;S
20240119;100453;167.100000000;30;9445341667;S
20240119;100453;167.100000000;1000;9445341668;S
20240119;100453;167.080000000;790;9445341669;S
20240119;100453;167.080000000;100;9445341670;S
20240119;100453;167.070000000;3620;9445341671;S
20240119;100453;167.060000000;500;9445341672;S
20240119;100453;167.050000000;3620;9445341673;S
20240119;100453;167.040000000;16000;9445341674;S
20240119;100453;167.010000000;2000;9445341675;S
20240119;100453;167.010000000;1000;9445341676;S
20240119;100453;167.000000000;1000;9445341677;S
20240119;100453;167.000000000;1000;9445341678;S
20240119;100453;167.000000000;8000;9445341679;S
20240119;100453;167.000000000;5000;9445341680;S
20240119;100453;167.000000000;1000;9445341681;S
20240119;100453;166.990000000;50;9445341682;S
20240119;100453;166.990000000;2740;9445341683;S
20240119;100453;167.010000000;510;9445341684;S
20240119;100454;167.010000000;10;9445341720;B
20240119;100454;167.010000000;90;9445341740;B
20240119;100454;167.010000000;1210;9445341741;B
20240119;100454;167.010000000;10;9445341802;B
20240119;100454;167.010000000;270;9445341833;B
20240119;100454;167.010000000;1500;9445341834;B
20240119;100454;167.040000000;230;9445341835;B
20240119;100454;167.030000000;10;9445341852;S
20240119;100454;167.040000000;500;9445341853;B
20240119;100455;167.070000000;100;9445341914;B
20240119;100455;167.090000000;760;9445341915;B
20240119;100455;167.100000000;50;9445341916;B
20240119;100455;167.100000000;550;9445341917;S
20240119;100455;167.140000000;600;9445341918;B
20240119;100455;167.140000000;100;9445341941;B
20240119;100456;167.140000000;1100;9445341960;B
20240119;100456;167.140000000;500;9445342005;S
20240119;100456;167.140000000;5000;9445342028;B
20240119;100456;167.140000000;2050;9445342034;B
20240119;100456;167.140000000;2000;9445342069;B
20240119;100457;167.140000000;2000;9445342120;B
20240119;100457;167.140000000;2650;9445342161;B
20240119;100457;167.170000000;350;9445342162;B
20240119;100458;167.190000000;500;9445342218;B
20240119;100458;167.180000000;500;9445342223;S
20240119;100458;167.180000000;10;9445342224;S
20240119;100458;167.190000000;10;9445342273;B
20240119;100458;167.190000000;100;9445342274;B
20240119;100458;167.190000000;100;9445342275;B
