<DATE>;<TIME>;<LAST>;<VOL>;<ID>;<OPER>
20240222;095944;159.000000000;10;9691718176;S
20240222;095944;159.000000000;20;9691718177;S
20240222;095944;159.000000000;40;9691718178;S
20240222;095944;159.000000000;60;9691718179;S
20240222;095944;159.000000000;20;9691718180;B
20240222;095944;159.000000000;20;9691718181;B
20240222;095944;159.000000000;10;9691718182;B
20240222;095944;159.000000000;250;9691718183;B
20240222;095944;159.000000000;200;9691718184;B
20240222;095944;159.000000000;30;9691718185;B
20240222;095944;159.000000000;10;9691718186;B
20240222;095944;159.000000000;20;9691718187;B
20240222;095944;159.000000000;10;9691718188;B
20240222;095944;159.000000000;10;9691718189;B
20240222;095944;159.000000000;10;9691718190;B
20240222;095944;159.000000000;10;9691718191;B
20240222;095944;159.000000000;10;9691718192;B
20240222;095944;159.000000000;10;9691718193;B
20240222;095944;159.000000000;50;9691718194;B
20240222;095944;159.000000000;10;9691718195;B
20240222;095944;159.000000000;10;9691718196;B
20240222;095944;159.000000000;10;9691718197;B
20240222;095944;159.000000000;10;9691718198;B
20240222;095944;159.000000000;30;9691718199;B
20240222;095944;159.000000000;40;9691718200;B
20240222;095944;159.000000000;30;9691718201;B
20240222;095944;159.000000000;50;9691718202;S
20240222;095944;159.000000000;10;9691718203;S
20240222;095944;159.000000000;10;9691718204;B
20240222;095944;159.000000000;10;9691718205;B
20240222;095944;159.000000000;20;9691718206;B
20240222;095944;159.000000000;10;9691718207;B
20240222;095944;159.000000000;30;9691718208;B
20240222;095944;159.000000000;50;9691718209;B
20240222;095944;159.000000000;30;9691718210;B
20240222;095944;159.000000000;160;9691718211;B
20240222;095944;159.000000000;30;9691718212;B
20240222;095944;159.000000000;10;9691718213;B
20240222;095944;159.000000000;10;9691718214;S
20240222;095944;159.000000000;100;9691718215;S
20240222;095944;159.000000000;10;9691718216;B
20240222;095944;159.000000000;10;9691718217;B
20240222;095944;159.000000000;400;9691718218;B
20240222;095944;159.000000000;10;9691718219;S
20240222;095944;159.000000000;20;9691718220;B
20240222;095944;159.000000000;50;9691718221;B
20240222;095944;159.000000000;20;9691718222;B
20240222;095944;159.000000000;2330;9691718223;B
20240222;095944;159.000000000;10;9691718224;B
20240222;095944;159.000000000;300;9691718225;B
20240222;095944;159.000000000;1500;9691718226;B
20240222;095944;159.000000000;160;9691718227;B
20240222;095944;159.000000000;10;9691718228;B
20240222;095944;159.000000000;10;9691718229;B
20240222;095944;159.000000000;680;9691718230;B
20240222;095944;159.000000000;10;9691718231;B
20240222;095944;159.000000000;10;9691718232;B
20240222;095944;159.000000000;20;9691718233;B
20240222;095944;159.000000000;10;9691718234;B
20240222;095944;159.000000000;160;9691718235;B
20240222;095944;159.000000000;80;9691718236;B
20240222;095944;159.000000000;10;9691718237;B
20240222;095944;159.000000000;60;9691718238;B
20240222;095944;159.000000000;20;9691718239;B
20240222;095944;159.000000000;340;9691718240;B
20240222;095944;159.000000000;240;9691718241;B
20240222;095944;159.000000000;20;9691718242;B
20240222;095944;159.000000000;940;9691718243;B
20240222;095944;159.000000000;10;9691718244;B
20240222;095944;159.000000000;320;9691718245;S
20240222;095944;159.000000000;20;9691718246;S
20240222;095944;159.000000000;100;9691718247;B
20240222;095944;159.000000000;60;9691718248;B
20240222;095944;159.000000000;50;9691718249;B
20240222;095944;159.000000000;10;9691718250;S
20240222;095944;159.000000000;10;9691718251;S
20240222;095944;159.000000000;10;9691718252;S
20240222;095944;159.000000000;40;9691718253;S
20240222;095944;159.000000000;10;9691718254;B
20240222;095944;159.000000000;10;9691718255;B
20240222;095944;159.000000000;2500;9691718256;S
20240222;095944;159.000000000;910;9691718257;B
20240222;095944;159.000000000;100;9691718258;B
20240222;095944;159.000000000;90;9691718259;B
20240222;095944;159.000000000;50;9691718260;S
20240222;095944;159.000000000;100;9691718261;B
20240222;095944;159.000000000;100;9691718262;B
20240222;095944;159.000000000;20;9691718263;S
20240222;095944;159.000000000;70;9691718264;B
20240222;095944;159.000000000;1000;9691718265;B
20240222;095944;159.000000000;3000;9691718266;B
20240222;095944;159.000000000;500;9691718267;B
20240222;095944;159.000000000;10;9691718268;B
20240222;095944;159.000000000;30;9691718269;B
20240222;095944;159.000000000;500;9691718270;B
20240222;095944;159.000000000;500;9691718271;B
20240222;095944;159.000000000;50;9691718272;B
20240222;095944;159.000000000;1060;9691718273;S
20240222;095944;159.000000000;250;9691718274;S
20240222;095944;159.000000000;1660;9691718275;B
20240222;095944;159.000000000;10;9691718276;B
20240222;095944;159.000000000;3330;9691718277;B
20240222;095944;159.000000000;10;9691718278;B
20240222;095944;159.000000000;10;9691718279;B
20240222;095944;159.000000000;10;9691718280;B
20240222;095944;159.000000000;190;9691718281;B
20240222;095944;159.000000000;10;9691718282;B
20240222;095944;159.000000000;6440;9691718283;B
20240222;100000;158.990000000;200;9691722058;B
20240222;100000;158.990000000;100;9691722078;B
20240222;100000;158.990000000;200;9691722091;B
20240222;100000;158.990000000;100;9691722103;B
20240222;100000;158.920000000;600;9691722436;S
20240222;100000;158.910000000;100;9691722437;S
20240222;100000;158.930000000;10;9691722736;S
20240222;100000;158.980000000;10;9691722761;B
20240222;100001;158.980000000;10;9691723179;B
20240222;100001;158.980000000;10;9691723262;B
20240222;100001;158.960000000;10;9691723500;S
20240222;100001;158.980000000;10;9691723645;B
20240222;100002;158.970000000;400;9691724800;S
20240222;100002;158.970000000;10;9691724806;S
20240222;100002;158.970000000;20;9691725053;S
20240222;100002;158.980000000;1880;9691725113;B
20240222;100002;158.980000000;1900;9691725174;B
20240222;100002;158.980000000;1900;9691725190;B
20240222;100002;158.980000000;30;9691725191;S
20240222;100002;158.980000000;200;9691725240;B
20240222;100002;158.980000000;200;9691725246;B
20240222;100003;158.980000000;230;9691725381;B
20240222;100003;158.980000000;10;9691725783;B
20240222;100003;158.980000000;10;9691725893;B
20240222;100004;158.970000000;230;9691725920;S
20240222;100004;158.970000000;330;9691725921;S
20240222;100004;158.950000000;440;9691725922;S
20240222;100004;158.950000000;500;9691726180;S
20240222;100004;158.980000000;120;9691726452;B
20240222;100005;158.970000000;120;9691726632;S
20240222;100005;158.950000000;380;9691726633;S
20240222;100005;158.970000000;60;9691726634;B
20240222;100005;158.980000000;1130;9691726808;B
20240222;100005;158.990000000;10;9691726879;B
20240222;100005;158.990000000;10;9691726880;B
20240222;100005;158.990000000;10;9691726884;B
20240222;100006;158.980000000;280;9691727137;B
20240222;100006;158.950000000;500;9691727256;S
20240222;100006;158.950000000;10;9691727281;S
20240222;100006;158.980000000;10;9691727282;B
20240222;100006;158.980000000;60;9691727283;B
20240222;100006;158.980000000;10;9691727285;B
20240222;100006;158.950000000;10;9691727557;S
20240222;100006;158.950000000;10;9691727562;S
20240222;100006;158.950000000;10;9691727564;S
20240222;100006;158.950000000;20;9691727791;S
20240222;100006;158.950000000;10;9691727792;S
20240222;100006;158.980000000;10;9691727860;B
20240222;100006;158.980000000;10;9691727864;B
20240222;100006;158.960000000;20;9691727871;S
20240222;100007;158.960000000;500;9691728010;S
20240222;100007;158.980000000;10;9691728084;B
20240222;100007;158.960000000;10;9691728085;S
20240222;100007;158.980000000;10;9691728214;B
20240222;100007;158.980000000;10;9691728215;B
20240222;100007;158.970000000;330;9691728378;B
20240222;100007;158.980000000;1770;9691728379;B
20240222;100007;158.990000000;1760;9691728380;B
20240222;100007;158.990000000;30;9691728381;B
20240222;100007;158.990000000;10;9691728382;B
20240222;100007;159.000000000;1530;9691728383;B
20240222;100007;158.990000000;40;9691728446;B
20240222;100007;158.990000000;10;9691728448;B
20240222;100007;158.960000000;500;9691728460;S
20240222;100008;158.960000000;200;9691728696;S
20240222;100008;158.960000000;10;9691728832;S
20240222;100008;158.960000000;10;9691728833;S
20240222;100008;158.990000000;290;9691728896;B
20240222;100008;158.990000000;710;9691728897;B
20240222;100008;158.990000000;10;9691728911;B
20240222;100008;158.960000000;10;9691728912;S
20240222;100008;158.990000000;1000;9691728913;B
20240222;100008;158.990000000;10;9691728915;B
20240222;100008;158.990000000;10;9691728916;B
20240222;100008;158.990000000;10;9691728991;B
20240222;100008;158.990000000;10;9691728992;B
20240222;100008;158.990000000;10;9691728994;B
20240222;100008;158.960000000;330;9691728995;S
20240222;100008;158.990000000;10;9691729187;B
20240222;100008;158.990000000;10;9691729188;B
20240222;100008;158.960000000;3390;9691729190;S
20240222;100008;158.960000000;500;9691729196;S
20240222;100008;158.990000000;10;9691729197;B
20240222;100008;158.980000000;300;9691729266;B
20240222;100008;158.990000000;1200;9691729267;B
20240222;100008;158.990000000;10;9691729335;B
20240222;100008;158.990000000;10;9691729337;B
20240222;100008;158.990000000;10;9691729344;B
20240222;100008;158.960000000;10;9691729348;S
20240222;100008;158.960000000;30;9691729352;S
20240222;100008;158.990000000;10;9691729358;B
20240222;100008;158.990000000;10;9691729366;B
20240222;100008;158.990000000;10;9691729398;B
20240222;100009;158.990000000;10;9691729724;B
20240222;100009;158.960000000;40;9691729725;S
20240222;100009;158.990000000;10;9691729728;B
20240222;100009;158.990000000;220;9691729754;B
20240222;100009;158.990000000;1280;9691729755;B
20240222;100009;158.990000000;20;9691729815;B
20240222;100009;158.990000000;10;9691729931;B
20240222;100009;158.960000000;50;9691729933;S
20240222;100009;158.990000000;10;9691729938;B
20240222;100009;158.960000000;10;9691730014;S
20240222;100009;158.990000000;10;9691730018;B
20240222;100009;158.990000000;10;9691730023;B
20240222;100009;158.990000000;10;9691730025;B
20240222;100009;158.990000000;10;9691730170;B
20240222;100009;158.990000000;100;9691730173;B
20240222;100009;158.960000000;20;9691730176;S
20240222;100009;158.990000000;20;9691730179;B
20240222;100009;158.960000000;500;9691730295;S
20240222;100009;158.960000000;50;9691730298;S
20240222;100009;158.960000000;100;9691730309;S
20240222;100009;158.960000000;10;9691730318;S
20240222;100009;158.960000000;10;9691730328;S
20240222;100009;158.960000000;10;9691730332;S
20240222;100009;158.960000000;780;9691730339;S
20240222;100009;158.920000000;330;9691730340;S
20240222;100009;158.910000000;40;9691730341;S
20240222;100009;158.990000000;10;9691730343;B
20240222;100009;158.990000000;90;9691730481;B
20240222;100009;158.990000000;1900;9691730482;B
20240222;100009;159.000000000;3440;9691730483;B
20240222;100009;158.990000000;10;9691730607;B
20240222;100009;158.990000000;130;9691730610;B
20240222;100009;158.990000000;240;9691730611;B
20240222;100009;158.990000000;100;9691730612;B
20240222;100009;158.990000000;10;9691730615;B
20240222;100009;158.990000000;20;9691730616;B
20240222;100009;158.990000000;10;9691730622;B
20240222;100009;158.990000000;10;9691730625;B
20240222;100009;158.970000000;10;9691730628;S
20240222;100009;158.990000000;20;9691730634;B
20240222;100009;158.990000000;10;9691730638;B
20240222;100010;158.990000000;10;9691730643;B
20240222;100010;158.990000000;200;9691730672;B
20240222;100010;158.990000000;50;9691730737;B
20240222;100010;158.990000000;10;9691730764;B
20240222;100010;158.980000000;10;9691730887;B
20240222;100010;158.970000000;500;9691730942;S
20240222;100010;158.970000000;500;9691730969;S
20240222;100010;158.990000000;20;9691731018;B
20240222;100010;158.990000000;10;9691731079;B
20240222;100010;158.980000000;10;9691731081;B
20240222;100010;158.970000000;10;9691731084;S
20240222;100010;158.970000000;10;9691731086;S
20240222;100010;158.990000000;10;9691731087;B
20240222;100010;158.990000000;10;9691731089;B
20240222;100010;158.990000000;80;9691731148;B
20240222;100011;158.970000000;500;9691731419;S
20240222;100012;158.980000000;190;9691732022;B
20240222;100012;158.930000000;230;9691732026;S
20240222;100012;158.930000000;500;9691732054;S
20240222;100012;158.930000000;6370;9691732173;S
20240222;100012;158.920000000;1000;9691732174;S
20240222;100012;158.920000000;340;9691732175;S
20240222;100012;158.910000000;1960;9691732176;S
20240222;100012;158.910000000;300;9691732177;S
20240222;100012;158.900000000;20;9691732178;S
20240222;100012;158.900000000;10;9691732179;S
20240222;100012;158.920000000;10;9691732191;S
20240222;100013;158.970000000;10;9691732271;B
20240222;100013;158.970000000;290;9691732332;B
20240222;100013;158.980000000;20;9691732407;B
20240222;100014;158.980000000;10;9691732435;B
20240222;100014;158.970000000;500;9691732452;S
20240222;100014;158.980000000;80;9691732471;B
20240222;100014;158.980000000;320;9691732472;B
20240222;100014;158.990000000;220;9691732473;B
20240222;100014;158.980000000;10;9691732488;B
20240222;100015;158.980000000;300;9691732847;B
20240222;100016;158.990000000;1110;9691733102;B
20240222;100016;158.980000000;10;9691733118;S
20240222;100017;158.990000000;300;9691733398;B
20240222;100017;158.990000000;700;9691733399;B
20240222;100017;158.980000000;20;9691733523;S
20240222;100017;158.950000000;30;9691733524;S
20240222;100017;158.980000000;310;9691733525;B
20240222;100017;158.980000000;300;9691733526;S
20240222;100017;158.990000000;560;9691733527;B
20240222;100018;158.990000000;30;9691733774;B
20240222;100019;158.980000000;10;9691733911;S
20240222;100019;158.920000000;1000;9691733912;S
20240222;100019;158.920000000;1170;9691733913;S
20240222;100019;158.910000000;300;9691733914;S
20240222;100019;158.900000000;140;9691733915;S
20240222;100019;158.900000000;2000;9691733916;S
20240222;100019;158.900000000;30;9691733917;S
20240222;100019;158.890000000;300;9691733918;S
20240222;100019;158.870000000;40;9691733919;S
20240222;100019;158.860000000;8000;9691733920;S
20240222;100019;158.840000000;1000;9691733921;S
20240222;100019;158.800000000;2000;9691733922;S
20240222;100019;158.800000000;10;9691733923;S
20240222;100019;158.800000000;200;9691733924;S
20240222;100019;158.800000000;10;9691733925;S
20240222;100019;158.760000000;20;9691733926;S
20240222;100019;158.760000000;400;9691733927;S
20240222;100019;158.720000000;1900;9691733928;S
20240222;100019;158.720000000;1900;9691733929;S
20240222;100019;158.720000000;1900;9691733930;S
20240222;100019;158.710000000;10;9691733931;S
20240222;100019;158.710000000;100;9691733932;S
20240222;100019;158.710000000;7000;9691733933;S
20240222;100019;158.700000000;200;9691733934;S
20240222;100019;158.700000000;10;9691733935;S
20240222;100019;158.700000000;50;9691733936;S
20240222;100019;158.700000000;500;9691733937;S
20240222;100019;158.700000000;120;9691733938;S
20240222;100019;158.700000000;100;9691733939;S
20240222;100019;158.700000000;10;9691733940;S
20240222;100019;158.690000000;10;9691733941;S
20240222;100019;158.690000000;1410;9691733942;S
20240222;100019;158.680000000;150;9691733943;S
20240222;100019;158.680000000;10;9691733944;S
20240222;100019;158.670000000;300;9691733945;S
20240222;100019;158.670000000;500;9691733946;S
20240222;100019;158.660000000;50;9691733947;S
20240222;100019;158.660000000;800;9691733948;S
20240222;100019;158.660000000;100;9691733949;S
20240222;100019;158.660000000;10000;9691733950;S
20240222;100019;158.650000000;100;9691733951;S
20240222;100019;158.650000000;10;9691733952;S
20240222;100019;158.650000000;50;9691733953;S
20240222;100019;158.650000000;1080;9691733954;S
20240222;100019;158.650000000;10;9691733955;S
20240222;100019;158.650000000;10;9691733956;S
20240222;100019;158.650000000;500;9691733957;S
20240222;100019;158.650000000;10;9691733958;S
20240222;100019;158.650000000;1000;9691733959;S
20240222;100019;158.650000000;1000;9691733960;S
20240222;100019;158.650000000;1480;9691733961;S
20240222;100019;158.650000000;10;9691733962;S
20240222;100019;158.650000000;10;9691733963;S
20240222;100019;158.650000000;20;9691733964;S
20240222;100019;158.650000000;1990;9691733965;S
20240222;100019;158.650000000;100;9691733966;S
20240222;100019;158.650000000;10;9691733967;S
20240222;100019;158.650000000;170;9691733968;S
20240222;100019;158.650000000;40;9691733969;S
20240222;100019;158.650000000;250;9691733970;S
20240222;100019;158.650000000;8150;9691733971;S
20240222;100019;158.650000000;100;9691733972;S
20240222;100019;158.650000000;500;9691733973;S
20240222;100019;158.650000000;80;9691733974;S
20240222;100019;158.650000000;2000;9691733975;S
20240222;100019;158.650000000;10;9691733976;S
20240222;100019;158.650000000;50;9691733977;S
20240222;100019;158.640000000;10;9691733978;S
20240222;100019;158.640000000;10;9691733979;S
20240222;100019;158.640000000;10;9691733980;S
20240222;100019;158.640000000;10;9691733981;S
20240222;100019;158.640000000;10;9691733982;S
20240222;100019;158.640000000;20;9691733983;S
20240222;100019;158.640000000;30;9691733984;S
20240222;100019;158.640000000;200;9691733985;S
20240222;100019;158.640000000;10;9691733986;S
20240222;100019;158.640000000;10;9691733987;S
20240222;100019;158.640000000;10;9691733988;S
20240222;100019;158.640000000;10;9691733989;S
20240222;100019;158.640000000;60;9691733990;S
20240222;100019;158.640000000;10;9691733991;S
20240222;100019;158.640000000;30;9691733992;S
20240222;100019;158.640000000;20;9691733993;S
20240222;100019;158.640000000;20;9691733994;S
20240222;100019;158.640000000;40;9691733995;S
20240222;100019;158.640000000;10;9691733996;S
20240222;100019;158.640000000;10;9691733997;S
20240222;100019;158.640000000;10;9691733998;S
20240222;100019;158.640000000;10;9691733999;S
20240222;100019;158.640000000;10;9691734000;S
20240222;100019;158.640000000;10;9691734001;S
20240222;100019;158.640000000;10;9691734002;S
20240222;100019;158.640000000;30;9691734003;S
20240222;100019;158.640000000;30;9691734004;S
20240222;100019;158.640000000;30;9691734005;S
20240222;100019;158.640000000;80;9691734006;S
20240222;100019;158.640000000;40;9691734007;S
20240222;100019;158.640000000;50;9691734008;S
20240222;100019;158.640000000;110;9691734009;S
20240222;100019;158.640000000;10;9691734010;S
20240222;100019;158.640000000;300;9691734011;S
20240222;100019;158.640000000;10;9691734012;S
20240222;100019;158.640000000;10;9691734013;S
20240222;100019;158.640000000;10;9691734014;S
20240222;100019;158.640000000;10;9691734015;S
20240222;100019;158.640000000;10;9691734016;S
20240222;100019;158.640000000;10;9691734017;S
20240222;100019;158.640000000;10;9691734018;S
20240222;100019;158.640000000;10;9691734019;S
20240222;100019;158.640000000;10;9691734020;S
20240222;100019;158.640000000;20;9691734021;S
20240222;100019;158.640000000;10;9691734022;S
20240222;100019;158.640000000;130;9691734023;S
20240222;100019;158.640000000;30;9691734024;S
20240222;100019;158.640000000;10;9691734025;S
20240222;100019;158.640000000;10;9691734026;S
20240222;100019;158.640000000;10;9691734027;S
20240222;100019;158.640000000;10;9691734028;S
20240222;100019;158.640000000;20;9691734029;S
20240222;100019;158.640000000;10;9691734030;S
20240222;100019;158.640000000;10;9691734031;S
20240222;100019;158.640000000;10;9691734032;S
20240222;100019;158.640000000;50;9691734033;S
20240222;100019;158.640000000;10;9691734034;S
20240222;100019;158.640000000;40;9691734035;S
20240222;100019;158.640000000;10;9691734036;S
20240222;100019;158.640000000;10;9691734037;S
20240222;100019;158.640000000;10;9691734038;S
20240222;100019;158.640000000;30;9691734039;S
20240222;100019;158.640000000;600;9691734040;S
20240222;100019;158.640000000;10;9691734041;S
20240222;100019;158.640000000;110090;9691734042;S
20240222;100019;158.870000000;300;9691734127;B
20240222;100019;158.880000000;670;9691734128;B
20240222;100019;158.780000000;10;9691734180;S
20240222;100019;158.940000000;300;9691734183;B
20240222;100019;158.960000000;50;9691734274;B
20240222;100019;158.820000000;120;9691734366;S
20240222;100020;158.940000000;10;9691734384;B
20240222;100020;158.960000000;10;9691734537;B
20240222;100021;158.950000000;10;9691734755;B
20240222;100021;158.960000000;10;9691734757;B
20240222;100022;158.960000000;10;9691734808;B
20240222;100022;158.810000000;20;9691734951;S
20240222;100022;158.800000000;200;9691734952;S
20240222;100022;158.800000000;300;9691734953;S
20240222;100022;158.790000000;190;9691734954;S
20240222;100023;158.920000000;10;9691735185;B
20240222;100023;158.800000000;10;9691735210;S
20240222;100027;158.820000000;10;9691736136;S
20240222;100027;158.810000000;1190;9691736137;S
20240222;100028;158.900000000;10;9691736422;B
20240222;100029;158.900000000;10;9691736640;B
20240222;100030;158.880000000;10;9691736746;B
20240222;100030;158.890000000;10;9691736747;B
20240222;100031;158.810000000;100;9691737047;S
20240222;100032;158.900000000;160;9691737288;B
20240222;100033;158.900000000;90;9691737462;B
20240222;100033;158.810000000;910;9691737479;S
20240222;100033;158.810000000;50;9691737480;S
20240222;100033;158.810000000;40;9691737481;S
20240222;100033;158.890000000;10;9691737508;B
20240222;100033;158.890000000;290;9691737519;B
20240222;100033;158.900000000;500;9691737520;B
20240222;100033;158.910000000;200;9691737521;B
20240222;100033;158.920000000;10;9691737522;B
20240222;100034;158.920000000;10;9691737740;B
20240222;100036;158.920000000;1880;9691738023;B
20240222;100036;158.930000000;1000;9691738024;B
20240222;100036;158.950000000;2200;9691738025;B
20240222;100036;158.950000000;9420;9691738026;S
20240222;100036;158.880000000;10;9691738145;S
20240222;100037;158.950000000;10;9691738329;B
20240222;100037;158.960000000;20;9691738330;B
20240222;100037;158.950000000;10;9691738388;B
20240222;100039;158.950000000;20;9691738939;B
20240222;100040;158.890000000;300;9691739112;S
20240222;100040;158.890000000;400;9691739113;S
20240222;100041;158.890000000;1800;9691739313;S
20240222;100041;158.890000000;300;9691739314;S
20240222;100041;158.880000000;40;9691739315;S
20240222;100041;158.900000000;10;9691739361;B
20240222;100041;158.900000000;10;9691739434;B
20240222;100042;158.900000000;70;9691739602;B
20240222;100043;158.860000000;20;9691739916;S
20240222;100045;158.860000000;10;9691740465;S
20240222;100045;158.900000000;910;9691740507;B
20240222;100045;158.930000000;10;9691740569;B
20240222;100046;158.930000000;1700;9691740827;B
20240222;100047;158.930000000;10;9691740863;B
20240222;100047;158.910000000;10;9691740865;S
20240222;100047;158.930000000;350;9691740937;B
20240222;100047;158.930000000;120;9691741038;B
20240222;100048;158.900000000;40;9691741239;S
20240222;100048;158.900000000;10;9691741241;S
20240222;100049;158.920000000;40;9691741396;B
20240222;100049;158.900000000;1040;9691741526;S
20240222;100049;158.900000000;10;9691741527;S
20240222;100049;158.870000000;300;9691741528;S
20240222;100049;158.850000000;1650;9691741529;S
20240222;100050;158.860000000;10;9691741600;S
20240222;100050;158.920000000;470;9691741610;B
20240222;100050;158.930000000;300;9691741611;B
20240222;100050;158.950000000;230;9691741612;B
20240222;100050;158.930000000;60;9691741643;B
20240222;100051;158.900000000;10;9691741859;S
20240222;100051;158.930000000;10;9691741907;B
20240222;100052;158.930000000;200;9691742074;B
20240222;100052;158.920000000;10;9691742128;S
20240222;100052;158.920000000;40;9691742141;S
20240222;100052;158.900000000;990;9691742142;S
20240222;100053;158.870000000;10;9691742169;B
20240222;100053;158.860000000;30;9691742172;S
20240222;100053;158.870000000;40;9691742236;B
20240222;100054;158.870000000;10;9691742426;B
20240222;100054;158.860000000;10;9691742534;S
20240222;100055;158.870000000;120;9691742570;B
20240222;100055;158.860000000;260;9691742650;S
20240222;100055;158.850000000;240;9691742651;S
20240222;100055;158.860000000;70;9691742671;S
20240222;100055;158.860000000;250;9691742682;S
20240222;100055;158.870000000;100;9691742690;B
20240222;100056;158.870000000;70;9691742793;B
20240222;100056;158.860000000;30;9691742889;S
20240222;100056;158.870000000;140;9691742978;B
20240222;100057;158.870000000;30;9691743006;B
20240222;100057;158.860000000;10;9691743082;S
20240222;100057;158.870000000;10;9691743130;B
20240222;100058;158.860000000;10;9691743482;S
20240222;100058;158.870000000;30;9691743535;B
20240222;100059;158.870000000;20;9691743561;B
20240222;100100;158.840000000;10;9691743745;S
20240222;100100;158.830000000;30;9691743746;S
20240222;100100;158.830000000;10;9691743805;S
20240222;100100;158.810000000;10;9691743806;S
20240222;100100;158.810000000;10;9691743807;S
20240222;100100;158.800000000;10;9691743808;S
20240222;100100;158.800000000;10;9691743809;S
20240222;100100;158.780000000;10;9691743810;S
20240222;100100;158.780000000;10;9691743811;S
20240222;100100;158.780000000;300;9691743812;S
20240222;100100;158.780000000;220;9691743813;S
20240222;100100;158.770000000;630;9691743814;S
20240222;100100;158.780000000;1000;9691743827;S
20240222;100100;158.770000000;270;9691743828;S
20240222;100100;158.860000000;20;9691743851;B
20240222;100100;158.860000000;100;9691743863;B
20240222;100101;158.860000000;10;9691744055;B
20240222;100102;158.840000000;30;9691744282;B
20240222;100102;158.840000000;270;9691744385;B
20240222;100102;158.840000000;30;9691744386;B
20240222;100102;158.850000000;10;9691744397;B
20240222;100103;158.840000000;10;9691744472;B
20240222;100103;158.780000000;10;9691744580;S
20240222;100103;158.840000000;10;9691744624;B
20240222;100104;158.780000000;10;9691744763;S
20240222;100105;158.850000000;40;9691744942;B
20240222;100105;158.850000000;960;9691744943;B
20240222;100105;158.850000000;120;9691744962;B
20240222;100106;158.780000000;170;9691745300;S
20240222;100106;158.780000000;70;9691745312;S
20240222;100106;158.780000000;80;9691745315;S
20240222;100106;158.780000000;150;9691745319;S
20240222;100106;158.780000000;240;9691745339;S
20240222;100106;158.780000000;150;9691745340;S
20240222;100106;158.780000000;100;9691745357;S
20240222;100106;158.780000000;40;9691745399;S
20240222;100106;158.780000000;160;9691745404;S
20240222;100106;158.780000000;40;9691745412;S
20240222;100106;158.780000000;90;9691745415;S
20240222;100106;158.780000000;10;9691745537;S
20240222;100106;158.780000000;110;9691745560;S
20240222;100106;158.780000000;30;9691745620;S
20240222;100106;158.780000000;40;9691745636;S
20240222;100107;158.780000000;180;9691745651;S
20240222;100107;158.780000000;20;9691745696;S
20240222;100107;158.780000000;10;9691745716;S
20240222;100107;158.780000000;110;9691745776;S
20240222;100107;158.780000000;160;9691745938;S
20240222;100108;158.870000000;130;9691746050;B
20240222;100109;158.870000000;260;9691746528;B
20240222;100109;158.880000000;210;9691746529;B
20240222;100109;158.880000000;300;9691746530;B
20240222;100109;158.900000000;1000;9691746531;B
20240222;100109;158.900000000;150;9691746532;B
20240222;100109;158.910000000;130;9691746533;B
20240222;100110;158.910000000;560;9691746601;B
20240222;100110;158.910000000;60;9691746602;B
20240222;100110;158.850000000;10;9691746698;B
20240222;100111;158.850000000;610;9691746893;B
20240222;100111;158.900000000;10;9691746991;S
20240222;100112;158.910000000;80;9691747004;B
20240222;100112;158.910000000;30;9691747112;B
20240222;100112;158.910000000;230;9691747134;B
20240222;100112;158.930000000;40;9691747135;B
20240222;100112;158.950000000;40;9691747136;B
20240222;100113;158.910000000;300;9691747415;S
20240222;100113;158.910000000;100;9691747416;S
20240222;100114;158.950000000;10;9691747486;B
20240222;100114;158.930000000;10;9691747487;S
20240222;100114;158.950000000;30;9691747540;B
20240222;100116;158.930000000;10;9691747887;S
20240222;100116;158.950000000;10;9691747894;B
20240222;100116;158.930000000;10;9691747896;S
20240222;100117;158.950000000;50;9691747983;B
20240222;100117;158.930000000;10;9691748033;S
20240222;100118;158.970000000;1500;9691748284;B
20240222;100118;158.980000000;500;9691748285;B
20240222;100119;158.980000000;10;9691748649;B
20240222;100120;158.970000000;100;9691748838;S
20240222;100120;158.970000000;2000;9691748839;S
20240222;100120;158.980000000;20;9691748921;B
20240222;100120;158.980000000;20;9691748930;B
20240222;100123;158.960000000;10;9691749614;S
20240222;100123;158.960000000;200;9691749615;B
20240222;100125;158.970000000;20;9691749914;B
20240222;100125;158.930000000;10;9691749968;S
20240222;100125;158.970000000;180;9691749996;B
20240222;100126;158.920000000;30;9691750155;S
20240222;100127;158.970000000;20;9691750238;B
20240222;100127;158.970000000;60;9691750256;B
20240222;100127;158.970000000;10;9691750307;B
20240222;100128;158.920000000;10;9691750561;S
20240222;100129;158.930000000;10;9691750854;S
20240222;100130;158.930000000;10;9691750968;S
20240222;100130;158.960000000;10;9691750997;B
20240222;100131;158.920000000;60;9691751058;S
20240222;100131;158.970000000;10;9691751059;B
20240222;100131;158.970000000;20;9691751078;B
20240222;100132;158.960000000;10;9691751333;S
20240222;100132;158.960000000;990;9691751334;S
20240222;100132;158.960000000;10;9691751461;B
20240222;100133;158.970000000;1000;9691751609;B
20240222;100134;158.940000000;10;9691751845;S
20240222;100134;158.940000000;40;9691751846;S
20240222;100135;158.960000000;1000;9691752010;B
20240222;100135;158.930000000;300;9691752152;S
20240222;100135;158.920000000;30;9691752153;S
20240222;100135;158.920000000;190;9691752154;S
20240222;100135;158.920000000;2000;9691752155;S
20240222;100135;158.920000000;210;9691752162;B
20240222;100136;158.910000000;10;9691752416;S
20240222;100137;158.920000000;30;9691752592;B
20240222;100137;158.920000000;70;9691752621;B
20240222;100140;158.910000000;10;9691753146;S
20240222;100140;158.920000000;10;9691753318;B
20240222;100141;158.910000000;1000;9691753351;S
20240222;100141;158.920000000;40;9691753448;B
20240222;100141;158.910000000;260;9691753494;S
20240222;100141;158.900000000;190;9691753495;S
20240222;100141;158.890000000;300;9691753496;S
20240222;100141;158.860000000;60;9691753497;S
20240222;100141;158.850000000;10;9691753498;S
20240222;100141;158.850000000;10;9691753499;S
20240222;100141;158.840000000;50;9691753500;S
20240222;100141;158.830000000;960;9691753501;S
20240222;100141;158.830000000;10;9691753502;S
20240222;100141;158.820000000;50;9691753503;S
20240222;100141;158.820000000;1000;9691753504;S
20240222;100142;158.910000000;10;9691753718;B
20240222;100143;158.910000000;10;9691753813;B
20240222;100143;158.920000000;120;9691753814;B
20240222;100143;158.930000000;300;9691753815;B
20240222;100143;158.950000000;60;9691753816;B
20240222;100144;158.910000000;10;9691754093;S
20240222;100144;158.910000000;10;9691754094;S
20240222;100144;158.830000000;480;9691754095;S
20240222;100144;158.820000000;800;9691754096;S
20240222;100144;158.930000000;300;9691754097;B
20240222;100144;158.940000000;670;9691754098;B
20240222;100144;158.830000000;300;9691754135;S
20240222;100145;158.820000000;20;9691754268;S
20240222;100145;158.820000000;10;9691754298;S
20240222;100145;158.910000000;10;9691754377;B
20240222;100148;158.940000000;300;9691754828;B
20240222;100148;158.940000000;700;9691754829;B
20240222;100149;158.840000000;10;9691755124;S
20240222;100151;158.900000000;50;9691755382;B
20240222;100151;158.890000000;10;9691755469;B
20240222;100152;158.870000000;10;9691755561;B
20240222;100152;158.870000000;30;9691755666;B
20240222;100152;158.830000000;10;9691755706;S
20240222;100153;158.860000000;10;9691755949;B
20240222;100154;158.830000000;10;9691756003;S
20240222;100154;158.860000000;50;9691756034;B
20240222;100154;158.830000000;100;9691756053;S
20240222;100154;158.860000000;100;9691756063;B
20240222;100155;158.830000000;10;9691756264;S
20240222;100155;158.870000000;10;9691756387;B
20240222;100156;158.870000000;10;9691756558;B
20240222;100157;158.830000000;10;9691756772;S
20240222;100157;158.820000000;20;9691756773;S
20240222;100157;158.820000000;20;9691756774;S
20240222;100157;158.810000000;10;9691756775;S
20240222;100157;158.800000000;560;9691756776;S
20240222;100157;158.870000000;10;9691756912;B
20240222;100158;158.870000000;100;9691757011;B
20240222;100159;158.830000000;50;9691757405;S
20240222;100200;158.870000000;10;9691757605;B
20240222;100200;158.830000000;20;9691757812;S
20240222;100201;158.830000000;90;9691758029;S
20240222;100201;158.870000000;1000;9691758088;B
20240222;100201;158.860000000;300;9691758141;S
20240222;100201;158.860000000;340;9691758142;S
20240222;100202;158.900000000;10;9691758277;B
20240222;100202;158.900000000;1990;9691758330;B
20240222;100203;158.900000000;200;9691758610;S
20240222;100204;158.910000000;10;9691758792;B
20240222;100204;158.920000000;290;9691758793;B
20240222;100204;158.920000000;10;9691758838;B
20240222;100204;158.920000000;230;9691758839;B
20240222;100205;158.920000000;20;9691759126;B
20240222;100205;158.950000000;80;9691759127;B
20240222;100205;158.910000000;110;9691759246;S
20240222;100205;158.900000000;810;9691759247;S
20240222;100205;158.890000000;80;9691759248;S
20240222;100207;158.880000000;10;9691759643;S
20240222;100207;158.950000000;10;9691759644;B
20240222;100208;158.940000000;10;9691759770;B
20240222;100208;158.860000000;10;9691759840;S
20240222;100208;158.940000000;10;9691759854;B
20240222;100209;158.910000000;10;9691760123;B
20240222;100210;158.910000000;350;9691760132;B
20240222;100210;158.910000000;10;9691760211;B
20240222;100210;158.910000000;10;9691760231;B
20240222;100210;158.910000000;10;9691760281;B
20240222;100211;158.900000000;10;9691760401;B
20240222;100211;158.840000000;10;9691760537;S
20240222;100211;158.840000000;40;9691760538;S
20240222;100212;158.890000000;10;9691760614;B
20240222;100213;158.840000000;260;9691760852;S
20240222;100213;158.830000000;10;9691760853;S
20240222;100213;158.820000000;130;9691760854;S
20240222;100214;158.890000000;60;9691761014;B
20240222;100214;158.890000000;210;9691761043;B
20240222;100214;158.910000000;1610;9691761044;B
20240222;100214;158.930000000;530;9691761154;B
20240222;100214;158.940000000;650;9691761155;B
20240222;100214;158.950000000;350;9691761215;B
20240222;100214;158.950000000;560;9691761225;B
20240222;100214;158.950000000;970;9691761226;B
20240222;100215;158.960000000;10;9691761427;B
20240222;100215;158.970000000;100;9691761432;B
20240222;100215;158.970000000;20;9691761433;B
20240222;100215;158.970000000;120;9691761434;B
20240222;100215;158.950000000;60;9691761502;S
20240222;100215;158.970000000;40;9691761634;B
20240222;100215;158.970000000;10;9691761638;B
20240222;100215;158.970000000;200;9691761639;B
20240222;100215;158.970000000;10;9691761640;B
20240222;100215;158.980000000;450;9691761641;B
20240222;100215;158.980000000;10;9691761642;B
20240222;100215;158.980000000;20;9691761643;B
20240222;100215;158.980000000;30;9691761674;B
20240222;100215;158.980000000;10;9691761675;B
20240222;100215;158.980000000;200;9691761676;B
20240222;100215;158.980000000;460;9691761677;B
20240222;100216;158.950000000;10;9691761841;S
20240222;100217;158.950000000;20;9691762080;S
20240222;100217;158.990000000;10;9691762150;B
20240222;100217;158.990000000;10;9691762151;B
20240222;100217;158.990000000;10;9691762176;B
20240222;100218;158.990000000;120;9691762239;B
20240222;100218;158.990000000;500;9691762297;B
20240222;100218;158.990000000;10;9691762345;B
20240222;100218;158.950000000;10;9691762473;S
20240222;100219;158.950000000;10;9691762533;S
20240222;100219;158.990000000;120;9691762679;B
20240222;100219;158.990000000;30;9691762749;B
20240222;100219;158.990000000;10;9691762750;B
20240222;100219;158.990000000;110;9691762751;B
20240222;100220;158.990000000;160;9691762812;B
20240222;100220;159.000000000;80;9691762813;B
20240222;100220;159.000000000;20;9691762978;B
20240222;100220;159.000000000;10;9691762983;B
20240222;100220;159.000000000;100;9691763005;B
20240222;100220;158.980000000;300;9691763107;S
20240222;100220;158.970000000;200;9691763108;S
20240222;100220;159.000000000;20;9691763119;B
20240222;100221;158.980000000;260;9691763120;S
20240222;100222;159.000000000;110;9691763478;B
20240222;100222;159.000000000;110;9691763484;B
20240222;100223;159.000000000;120;9691763627;B
20240222;100223;159.000000000;120;9691763635;B
20240222;100223;159.000000000;20;9691763689;B
20240222;100223;159.000000000;470;9691763856;B
20240222;100223;159.000000000;470;9691763890;B
20240222;100223;159.000000000;1170;9691763929;B
20240222;100223;159.000000000;1170;9691763944;B
20240222;100224;158.990000000;50;9691764153;S
20240222;100224;158.990000000;300;9691764154;S
20240222;100224;158.990000000;1920;9691764155;S
20240222;100224;158.970000000;1700;9691764156;S
20240222;100224;158.960000000;7030;9691764157;S
20240222;100224;158.960000000;10;9691764255;S
20240222;100225;159.000000000;50;9691764285;B
20240222;100225;159.000000000;10;9691764351;B
20240222;100225;158.960000000;10;9691764352;S
20240222;100225;159.000000000;3000;9691764410;B
20240222;100225;159.000000000;940;9691764455;B
20240222;100225;159.000000000;940;9691764468;B
20240222;100225;159.000000000;400;9691764501;B
20240222;100225;159.000000000;10;9691764502;B
20240222;100225;159.000000000;230;9691764503;B
20240222;100226;159.000000000;20;9691764642;B
20240222;100226;159.000000000;50;9691764695;B
20240222;100227;159.000000000;10;9691764722;B
20240222;100227;159.000000000;690;9691764737;B
20240222;100227;159.000000000;10;9691764738;B
20240222;100227;159.000000000;200;9691764861;B
20240222;100229;158.990000000;1000;9691765343;S
20240222;100229;158.990000000;10;9691765414;S
20240222;100229;159.000000000;10;9691765471;B
20240222;100229;159.000000000;2990;9691765555;B
20240222;100229;159.000000000;30;9691765556;B
20240222;100229;159.000000000;50;9691765557;B
20240222;100229;159.000000000;3980;9691765558;B
20240222;100230;159.000000000;30;9691765621;B
20240222;100231;159.000000000;10;9691765745;B
20240222;100232;159.000000000;100;9691766254;B
20240222;100233;159.000000000;10;9691766565;B
20240222;100234;159.000000000;100;9691766968;B
20240222;100235;159.000000000;100;9691766985;B
20240222;100236;158.990000000;10;9691767401;S
20240222;100236;158.950000000;10;9691767402;S
20240222;100236;158.950000000;10;9691767403;S
20240222;100236;158.930000000;20;9691767404;S
20240222;100236;158.920000000;50;9691767405;S
20240222;100237;158.980000000;20;9691767467;B
20240222;100237;158.960000000;10;9691767603;B
20240222;100238;158.930000000;20;9691767777;S
20240222;100239;158.980000000;70;9691768030;B
20240222;100239;158.930000000;120;9691768127;S
20240222;100239;158.930000000;20;9691768182;S
20240222;100239;158.980000000;10;9691768221;B
20240222;100240;158.980000000;10;9691768309;B
20240222;100241;158.970000000;500;9691768638;B
20240222;100242;158.980000000;2000;9691768850;B
20240222;100242;158.990000000;10;9691768875;B
20240222;100245;158.990000000;10;9691769580;B
20240222;100245;158.990000000;210;9691769581;B
20240222;100245;158.940000000;10;9691769618;S
20240222;100245;158.940000000;10;9691769711;S
20240222;100247;158.990000000;50;9691770169;B
20240222;100249;158.990000000;30;9691770687;B
20240222;100251;158.990000000;50;9691771050;B
20240222;100253;158.990000000;30;9691771300;B
20240222;100253;158.990000000;720;9691771343;B
20240222;100254;158.990000000;10;9691771595;B
20240222;100254;158.990000000;100;9691771840;B
20240222;100254;159.000000000;1080;9691771841;B
20240222;100255;159.000000000;540;9691771992;B
20240222;100255;159.000000000;80;9691771993;B
20240222;100255;159.000000000;10;9691771994;B
20240222;100255;159.000000000;540;9691771995;B
20240222;100255;158.980000000;300;9691772077;S
20240222;100255;158.970000000;10;9691772078;S
20240222;100255;158.970000000;1900;9691772079;S
20240222;100255;159.000000000;40;9691772112;B
20240222;100255;159.000000000;10;9691772165;B
20240222;100256;159.000000000;410;9691772433;B
20240222;100256;159.000000000;10;9691772434;B
20240222;100256;159.000000000;10;9691772435;B
20240222;100256;159.000000000;20;9691772436;B
20240222;100257;159.000000000;10;9691772646;B
20240222;100258;159.000000000;10;9691772701;B
20240222;100258;159.000000000;30;9691772703;B
20240222;100258;158.990000000;10;9691772704;S
20240222;100258;158.990000000;10;9691772719;S
20240222;100258;159.000000000;50;9691772761;B
20240222;100258;159.000000000;70;9691772807;B
20240222;100259;158.990000000;280;9691772921;S
20240222;100259;158.990000000;1000;9691772922;S
20240222;100259;158.990000000;300;9691772923;S
20240222;100259;158.990000000;900;9691772924;S
20240222;100259;158.980000000;20;9691772925;S
20240222;100259;159.000000000;40;9691773064;B
20240222;100300;159.000000000;250;9691773136;B
20240222;100300;159.000000000;10;9691773137;B
20240222;100300;159.000000000;10;9691773138;B
20240222;100300;159.000000000;10;9691773139;B
20240222;100300;159.000000000;10;9691773140;B
20240222;100300;159.000000000;710;9691773141;B
20240222;100300;159.000000000;40;9691773166;B
20240222;100300;159.000000000;760;9691773167;B
20240222;100300;159.000000000;240;9691773168;B
20240222;100300;159.000000000;80;9691773169;B
20240222;100300;159.010000000;1000;9691773170;B
20240222;100300;159.020000000;100;9691773171;B
20240222;100300;159.040000000;130;9691773172;B
20240222;100300;159.050000000;10;9691773173;B
20240222;100300;159.050000000;30;9691773174;B
20240222;100300;159.050000000;10;9691773175;B
20240222;100300;159.050000000;3710;9691773176;B
20240222;100300;159.060000000;150;9691773177;B
20240222;100300;159.060000000;9540;9691773178;B
20240222;100300;159.060000000;10;9691773180;B
20240222;100300;159.000000000;20;9691773188;S
20240222;100300;159.060000000;1200;9691773197;B
20240222;100300;159.040000000;10;9691773332;B
20240222;100300;159.040000000;10;9691773333;B
20240222;100300;159.040000000;10;9691773366;B
20240222;100301;159.030000000;120;9691773480;B
20240222;100301;159.020000000;100;9691773483;S
20240222;100301;159.020000000;10;9691773508;S
20240222;100302;159.030000000;2000;9691773819;B
20240222;100302;159.060000000;3000;9691773820;B
20240222;100304;159.060000000;10;9691774241;B
20240222;100304;159.050000000;10;9691774326;S
20240222;100305;159.060000000;2000;9691774474;B
20240222;100306;159.060000000;10;9691774691;B
20240222;100306;159.060000000;10;9691774897;B
20240222;100306;159.050000000;20;9691774908;S
20240222;100308;159.050000000;10;9691775132;S
20240222;100308;159.050000000;10;9691775162;S
20240222;100309;159.060000000;720;9691775472;B
20240222;100310;159.060000000;10;9691775530;B
20240222;100310;159.060000000;1000;9691775535;B
20240222;100310;159.060000000;2490;9691775544;B
20240222;100310;159.060000000;830;9691775545;B
20240222;100310;159.060000000;40;9691775608;B
20240222;100311;159.060000000;10;9691775807;B
20240222;100313;159.060000000;10;9691776114;B
20240222;100313;159.060000000;10;9691776218;B
20240222;100313;159.060000000;20;9691776234;B
20240222;100314;159.060000000;910;9691776378;B
20240222;100314;159.050000000;10;9691776557;S
20240222;100316;159.060000000;470;9691776995;B
20240222;100316;159.060000000;50;9691776996;B
20240222;100316;159.060000000;30;9691776997;B
20240222;100316;159.060000000;10;9691776998;B
20240222;100316;159.060000000;10;9691776999;B
20240222;100316;159.090000000;50;9691777000;B
20240222;100316;159.090000000;10;9691777001;B
20240222;100316;159.100000000;10;9691777002;B
20240222;100316;159.100000000;10;9691777003;B
20240222;100316;159.100000000;230;9691777004;B
20240222;100316;159.100000000;310;9691777005;B
20240222;100316;159.100000000;10;9691777006;B
20240222;100316;159.100000000;500;9691777007;B
20240222;100316;159.070000000;210;9691777054;S
20240222;100317;159.070000000;1000;9691777260;S
20240222;100317;159.070000000;40;9691777261;S
20240222;100317;159.060000000;50;9691777262;S
20240222;100317;159.050000000;10;9691777263;S
20240222;100317;159.050000000;50;9691777264;S
20240222;100317;159.060000000;100;9691777280;S
20240222;100317;159.090000000;400;9691777302;B
20240222;100317;159.060000000;490;9691777323;S
20240222;100318;159.080000000;10;9691777368;B
20240222;100318;159.080000000;10;9691777373;B
20240222;100318;159.060000000;500;9691777398;S
20240222;100318;159.080000000;30;9691777444;B
20240222;100318;159.090000000;10;9691777546;B
20240222;100319;159.060000000;200;9691777620;S
20240222;100319;159.090000000;20;9691777624;B
20240222;100319;159.060000000;10;9691777645;S
20240222;100319;159.060000000;1000;9691777752;S
20240222;100319;159.050000000;1900;9691777753;S
20240222;100320;159.080000000;10;9691777835;B
20240222;100320;159.060000000;10;9691777972;S
20240222;100320;159.080000000;100;9691777991;B
20240222;100321;159.080000000;990;9691778149;B
20240222;100321;159.090000000;30;9691778205;B
20240222;100321;159.080000000;10;9691778276;S
20240222;100321;159.060000000;1000;9691778277;S
20240222;100321;159.050000000;50;9691778278;S
20240222;100322;159.050000000;10;9691778372;B
20240222;100322;159.050000000;10;9691778391;B
20240222;100322;159.050000000;10;9691778454;B
20240222;100322;159.050000000;110;9691778476;B
20240222;100322;159.040000000;1380;9691778513;S
20240222;100322;159.050000000;10;9691778515;B
20240222;100322;159.050000000;900;9691778541;B
20240222;100323;159.050000000;50;9691778624;B
20240222;100323;159.050000000;50;9691778636;B
20240222;100324;159.050000000;30;9691779417;B
20240222;100324;159.050000000;60;9691779453;B
20240222;100325;159.050000000;400;9691779814;B
20240222;100325;159.050000000;60;9691779817;B
20240222;100326;159.040000000;50;9691780058;S
20240222;100327;159.050000000;10;9691780186;B
20240222;100327;159.040000000;330;9691780305;S
20240222;100327;159.050000000;50;9691780401;B
20240222;100328;159.050000000;2000;9691780478;B
20240222;100328;159.050000000;1000;9691780482;B
20240222;100328;159.040000000;10;9691780493;S
20240222;100328;159.050000000;500;9691780503;B
20240222;100328;159.050000000;800;9691780641;B
20240222;100329;159.040000000;730;9691780643;S
20240222;100329;159.040000000;1000;9691780644;S
20240222;100329;159.040000000;2000;9691780645;S
20240222;100329;159.040000000;1000;9691780646;S
20240222;100329;159.040000000;670;9691780647;S
20240222;100329;159.040000000;610;9691780648;S
20240222;100329;159.040000000;1900;9691780649;S
20240222;100329;159.040000000;2200;9691780650;S
20240222;100329;159.040000000;300;9691780651;S
20240222;100329;159.030000000;1300;9691780652;S
20240222;100329;159.020000000;1000;9691780653;S
20240222;100329;159.020000000;410;9691780654;S
20240222;100329;159.010000000;50;9691780655;S
20240222;100329;159.000000000;10;9691780656;S
20240222;100329;159.000000000;10;9691780657;S
20240222;100329;159.000000000;100;9691780658;S
20240222;100329;159.000000000;10;9691780659;S
20240222;100329;159.000000000;2500;9691780660;B
20240222;100329;159.000000000;1200;9691780661;B
20240222;100329;159.000000000;100;9691780662;B
20240222;100329;159.000000000;60;9691780741;B
20240222;100329;159.000000000;20;9691780752;B
20240222;100329;159.000000000;10;9691780804;B
20240222;100330;158.990000000;50;9691781025;S
20240222;100330;159.000000000;10;9691781097;B
20240222;100331;159.000000000;10;9691781145;B
20240222;100331;159.000000000;30;9691781173;B
20240222;100331;159.000000000;30;9691781296;B
20240222;100332;158.990000000;10;9691781322;S
20240222;100332;159.000000000;100;9691781348;B
20240222;100332;159.000000000;20;9691781389;B
20240222;100332;159.000000000;10;9691781392;B
20240222;100333;159.000000000;40;9691781604;B
20240222;100333;159.000000000;60;9691781617;B
20240222;100333;159.000000000;40;9691781694;B
20240222;100334;159.000000000;10;9691781836;B
20240222;100335;159.000000000;30;9691781932;B
20240222;100335;159.000000000;620;9691781993;B
20240222;100336;159.000000000;10;9691782148;B
20240222;100336;159.000000000;30;9691782286;B
20240222;100337;158.990000000;70;9691782351;S
20240222;100337;158.990000000;10;9691782352;S
20240222;100337;158.990000000;120;9691782353;S
20240222;100337;159.000000000;130;9691782487;B
20240222;100338;159.000000000;300;9691782591;B
20240222;100338;159.000000000;10;9691782593;B
20240222;100338;159.000000000;100;9691782628;B
20240222;100338;159.000000000;10;9691782662;B
20240222;100338;159.000000000;10;9691782749;B
20240222;100338;159.000000000;30;9691782764;B
20240222;100339;159.000000000;100;9691782793;B
20240222;100339;158.990000000;1000;9691782805;S
20240222;100339;158.990000000;300;9691782888;S
20240222;100340;159.000000000;500;9691783030;B
20240222;100340;158.990000000;1580;9691783082;S
20240222;100340;158.990000000;100;9691783083;S
20240222;100340;158.990000000;1000;9691783084;S
20240222;100340;158.990000000;900;9691783085;S
20240222;100340;158.990000000;60;9691783086;S
20240222;100340;158.990000000;300;9691783087;S
20240222;100340;158.990000000;1900;9691783088;S
20240222;100340;158.980000000;10;9691783089;S
20240222;100340;158.970000000;100;9691783090;S
20240222;100340;158.970000000;1000;9691783091;S
20240222;100340;158.960000000;50;9691783092;S
20240222;100340;158.960000000;440;9691783093;S
20240222;100340;158.950000000;10;9691783145;S
20240222;100340;158.990000000;10;9691783215;B
20240222;100341;158.990000000;40;9691783248;B
20240222;100341;159.000000000;60;9691783249;B
20240222;100341;158.960000000;80;9691783297;S
20240222;100341;158.950000000;120;9691783298;S
20240222;100341;159.000000000;30;9691783448;B
20240222;100341;159.000000000;20;9691783451;B
20240222;100344;159.000000000;50;9691783915;B
20240222;100344;159.000000000;20;9691783972;B
20240222;100346;158.990000000;10;9691784418;S
20240222;100346;158.990000000;10;9691784419;S
20240222;100346;158.970000000;50;9691784420;S
20240222;100346;159.000000000;2500;9691784421;B
20240222;100347;158.990000000;20;9691784680;B
20240222;100347;159.000000000;30;9691784681;B
20240222;100347;158.990000000;20;9691784717;B
20240222;100348;159.000000000;14650;9691784940;B
20240222;100348;159.000000000;50;9691784941;B
20240222;100348;159.000000000;300;9691784942;B
20240222;100349;158.990000000;130;9691785109;B
20240222;100350;158.970000000;10;9691785210;S
20240222;100350;158.970000000;190;9691785211;S
20240222;100350;158.990000000;10;9691785263;B
20240222;100350;158.990000000;290;9691785293;B
20240222;100350;159.000000000;20;9691785294;B
20240222;100351;158.990000000;100;9691785605;B
20240222;100352;158.980000000;3320;9691785792;B
20240222;100352;158.980000000;570;9691785793;B
20240222;100352;158.980000000;300;9691785794;B
20240222;100352;159.000000000;810;9691785795;B
20240222;100353;158.950000000;1000;9691786014;S
20240222;100353;158.940000000;500;9691786015;S
20240222;100353;158.950000000;10;9691786041;B
20240222;100353;158.950000000;60;9691786130;B
20240222;100353;158.960000000;20;9691786131;B
20240222;100355;158.920000000;30;9691786557;S
20240222;100355;158.920000000;170;9691786558;S
20240222;100355;158.920000000;2200;9691786626;S
20240222;100355;158.910000000;10;9691786627;S
20240222;100355;158.910000000;490;9691786628;S
20240222;100356;158.930000000;10;9691786683;B
20240222;100356;158.930000000;90;9691786802;B
20240222;100356;158.950000000;300;9691786814;B
20240222;100356;158.960000000;780;9691786815;B
20240222;100358;158.950000000;10;9691787158;B
20240222;100358;158.950000000;150;9691787255;B
20240222;100358;158.960000000;30;9691787314;B
20240222;100359;158.960000000;20;9691787630;B
20240222;100359;158.990000000;40;9691787631;B
20240222;100400;158.990000000;100;9691787919;B
20240222;100400;158.980000000;10;9691787991;B
20240222;100401;158.980000000;10;9691788139;B
20240222;100402;158.980000000;10;9691788444;B
20240222;100403;158.980000000;20;9691788745;B
20240222;100403;158.980000000;50;9691788746;B
20240222;100403;158.980000000;2000;9691788747;B
20240222;100403;158.980000000;300;9691788748;B
20240222;100403;158.980000000;630;9691788749;B
20240222;100404;158.980000000;20;9691788891;B
20240222;100404;158.970000000;10;9691788896;B
20240222;100404;158.970000000;10;9691788926;B
20240222;100404;158.920000000;10;9691788974;S
20240222;100404;158.920000000;10;9691788978;S
20240222;100404;158.970000000;130;9691789041;B
20240222;100404;158.920000000;10;9691789042;S
20240222;100405;158.980000000;20;9691789176;B
20240222;100407;158.910000000;10;9691789590;S
20240222;100408;158.940000000;10;9691789837;B
20240222;100409;158.920000000;300;9691789842;B
20240222;100409;158.930000000;10;9691789874;B
20240222;100409;158.920000000;100;9691789927;S
20240222;100409;158.930000000;10;9691790001;B
20240222;100410;158.930000000;70;9691790384;B
20240222;100410;158.930000000;300;9691790385;B
20240222;100410;158.930000000;630;9691790386;B
20240222;100411;158.950000000;300;9691790546;B
20240222;100411;158.960000000;70;9691790547;B
20240222;100412;158.960000000;10;9691790738;B
20240222;100413;158.930000000;10;9691791131;S
20240222;100413;158.940000000;10;9691791186;B
20240222;100414;158.940000000;10;9691791285;B
20240222;100414;158.930000000;130;9691791372;S
20240222;100414;158.920000000;200;9691791373;S
20240222;100414;158.910000000;560;9691791374;B
20240222;100417;158.910000000;20;9691792171;B
20240222;100417;158.910000000;10;9691792200;B
20240222;100418;158.910000000;10;9691792291;B
20240222;100418;158.910000000;10;9691792440;B
20240222;100418;158.900000000;20;9691792461;S
20240222;100418;158.900000000;30;9691792462;S
20240222;100418;158.900000000;280;9691792463;S
20240222;100419;158.900000000;10;9691792494;S
20240222;100419;158.900000000;710;9691792589;S
20240222;100419;158.900000000;5000;9691792590;S
20240222;100419;158.900000000;20;9691792591;S
20240222;100419;158.900000000;100;9691792592;S
20240222;100419;158.900000000;20;9691792593;S
20240222;100419;158.900000000;10;9691792594;S
20240222;100419;158.900000000;20;9691792595;S
20240222;100419;158.880000000;10;9691792596;S
20240222;100419;158.880000000;10;9691792597;S
20240222;100419;158.860000000;30;9691792598;S
20240222;100419;158.850000000;50;9691792599;S
20240222;100419;158.850000000;3000;9691792600;S
20240222;100419;158.840000000;20;9691792601;S
20240222;100419;158.840000000;4130;9691792602;S
20240222;100419;158.830000000;80;9691792685;S
20240222;100419;158.830000000;1080;9691792686;S
20240222;100420;158.820000000;200;9691792999;S
20240222;100420;158.820000000;20;9691793000;S
20240222;100420;158.810000000;10;9691793001;S
20240222;100420;158.810000000;170;9691793002;S
20240222;100420;158.900000000;10;9691793077;B
20240222;100420;158.900000000;1000;9691793178;B
20240222;100421;158.850000000;20;9691793378;S
20240222;100421;158.900000000;70;9691793560;B
20240222;100423;158.900000000;10;9691793832;B
20240222;100425;158.910000000;30;9691794328;B
20240222;100425;158.910000000;100;9691794492;B
20240222;100425;158.910000000;120;9691794516;B
20240222;100426;158.900000000;750;9691794538;S
20240222;100426;158.910000000;20;9691794570;B
20240222;100426;158.910000000;800;9691794584;B
20240222;100426;158.910000000;10;9691794589;B
20240222;100427;158.910000000;10;9691794799;B
20240222;100428;158.910000000;10;9691795110;B
20240222;100428;158.910000000;10;9691795134;B
20240222;100431;158.900000000;30;9691795735;S
20240222;100432;158.910000000;80;9691796006;B
20240222;100432;158.910000000;570;9691796092;B
20240222;100433;158.900000000;10;9691796317;S
20240222;100433;158.910000000;150;9691796357;B
20240222;100433;158.910000000;10;9691796383;B
20240222;100434;158.910000000;10;9691796530;B
20240222;100434;158.900000000;10;9691796763;S
20240222;100435;158.910000000;50;9691797061;B
20240222;100437;158.900000000;10;9691797510;S
20240222;100437;158.900000000;100;9691797640;S
20240222;100438;158.900000000;390;9691797691;S
20240222;100438;158.910000000;10;9691797718;B
20240222;100438;158.910000000;10;9691797793;B
20240222;100438;158.900000000;250;9691797809;S
20240222;100439;158.910000000;1180;9691797931;B
20240222;100439;158.910000000;880;9691797964;B
20240222;100439;158.910000000;300;9691797965;B
20240222;100439;158.910000000;20;9691797990;B
20240222;100440;158.900000000;50;9691798238;S
20240222;100440;158.910000000;20;9691798257;B
20240222;100440;158.920000000;10;9691798310;S
20240222;100440;158.930000000;10;9691798326;B
20240222;100441;158.930000000;10;9691798345;B
20240222;100441;158.930000000;1170;9691798359;B
20240222;100441;158.930000000;810;9691798388;B
20240222;100441;158.930000000;360;9691798389;B
20240222;100441;158.930000000;10;9691798390;B
20240222;100441;158.920000000;10;9691798478;S
20240222;100443;158.920000000;20;9691798931;S
20240222;100445;158.920000000;100;9691799365;S
20240222;100445;158.940000000;100;9691799380;B
20240222;100445;158.940000000;500;9691799547;B
20240222;100446;158.920000000;100;9691799739;S
20240222;100448;158.940000000;10;9691800194;B
20240222;100448;158.940000000;620;9691800245;B
20240222;100448;158.940000000;500;9691800272;B
20240222;100449;158.940000000;120;9691800318;B
20240222;100450;158.940000000;10;9691800627;B
20240222;100450;158.940000000;8140;9691800706;B
20240222;100451;158.950000000;300;9691800931;S
20240222;100451;158.950000000;210;9691800932;S
20240222;100451;158.940000000;1490;9691800933;S
20240222;100452;158.980000000;20;9691801105;B
20240222;100453;158.980000000;200;9691801280;B
20240222;100453;158.980000000;100;9691801281;B
20240222;100453;158.980000000;1000;9691801282;B
20240222;100453;158.990000000;20;9691801283;B
20240222;100453;158.990000000;680;9691801284;B
20240222;100453;158.990000000;10;9691801384;B
20240222;100453;158.950000000;90;9691801414;S
20240222;100454;158.940000000;370;9691801614;S
20240222;100454;158.940000000;10;9691801615;S
20240222;100454;158.940000000;10;9691801616;S
20240222;100454;158.940000000;300;9691801617;S
20240222;100454;158.940000000;10;9691801618;S
20240222;100454;158.930000000;200;9691801619;S
20240222;100454;158.930000000;440;9691801764;S
20240222;100454;158.930000000;300;9691801765;S
20240222;100454;158.920000000;160;9691801766;S
20240222;100454;158.920000000;250;9691801785;S
20240222;100456;158.920000000;10;9691802077;S
20240222;100457;158.990000000;20;9691802508;B
20240222;100457;158.990000000;10;9691802515;B
20240222;100458;158.990000000;1170;9691802599;B
20240222;100458;158.990000000;10;9691802649;B
20240222;100459;158.980000000;10;9691802835;B
20240222;100459;158.980000000;10;9691802861;B
20240222;100500;158.950000000;120;9691803015;S
20240222;100500;158.950000000;20;9691803230;S
20240222;100501;158.950000000;30;9691803261;S
20240222;100501;158.950000000;1000;9691803320;S
20240222;100502;158.930000000;20;9691803508;S
20240222;100502;158.920000000;10;9691803541;S
20240222;100502;158.920000000;30;9691803642;S
20240222;100502;158.940000000;120;9691803691;B
20240222;100503;158.920000000;10;9691803804;S
20240222;100504;158.940000000;100;9691804004;B
20240222;100504;158.940000000;30;9691804029;B
20240222;100504;158.950000000;120;9691804030;B
20240222;100504;158.950000000;10;9691804074;S
20240222;100505;158.950000000;10;9691804160;S
20240222;100505;158.970000000;10;9691804284;B
20240222;100505;158.980000000;200;9691804285;B
20240222;100505;158.980000000;130;9691804286;B
20240222;100505;158.980000000;10;9691804322;B
20240222;100506;158.980000000;10;9691804392;B
20240222;100507;158.980000000;120;9691804620;B
20240222;100507;158.980000000;10;9691804805;B
20240222;100507;158.990000000;10;9691804806;B
20240222;100510;158.990000000;50;9691805616;B
20240222;100511;158.990000000;100;9691805885;B
20240222;100512;158.990000000;150;9691805999;B
20240222;100512;158.960000000;50;9691806042;S
20240222;100514;158.990000000;20;9691806391;B
20240222;100514;158.960000000;250;9691806429;S
20240222;100514;158.990000000;30;9691806431;B
20240222;100514;158.990000000;10;9691806434;B
20240222;100515;158.990000000;40;9691806660;B
20240222;100517;158.980000000;10;9691806938;S
20240222;100517;158.970000000;40;9691806939;S
20240222;100517;158.990000000;10;9691806955;B
20240222;100517;158.990000000;10;9691807065;B
20240222;100517;158.990000000;10;9691807079;B
20240222;100518;158.990000000;200;9691807189;B
20240222;100518;158.990000000;10;9691807241;B
20240222;100519;158.990000000;450;9691807377;B
20240222;100519;158.990000000;50;9691807378;B
20240222;100519;158.990000000;10;9691807495;S
20240222;100520;158.950000000;10;9691807659;S
20240222;100521;158.950000000;10;9691807816;S
20240222;100522;158.980000000;10;9691807972;B
20240222;100522;158.980000000;1210;9691808229;B
20240222;100522;158.980000000;300;9691808230;B
20240222;100522;158.990000000;190;9691808231;B
20240222;100522;158.990000000;300;9691808232;B
20240222;100525;159.000000000;10;9691808779;B
20240222;100526;159.000000000;200;9691808872;B
20240222;100526;158.960000000;40;9691808987;S
20240222;100527;158.980000000;10;9691809097;B
20240222;100527;158.980000000;10;9691809182;B
20240222;100528;158.980000000;10;9691809205;B
20240222;100528;158.960000000;20;9691809327;S
20240222;100529;158.980000000;10;9691809393;B
20240222;100529;158.980000000;520;9691809446;B
20240222;100529;158.980000000;190;9691809447;B
20240222;100529;158.990000000;10;9691809487;B
20240222;100529;158.990000000;10;9691809538;B
20240222;100531;158.990000000;840;9691809982;B
20240222;100531;158.990000000;1160;9691809983;B
20240222;100532;158.990000000;40;9691810136;B
20240222;100532;158.990000000;30;9691810137;B
20240222;100532;159.000000000;410;9691810138;B
20240222;100532;159.000000000;10;9691810180;B
20240222;100532;159.000000000;30;9691810223;B
20240222;100532;159.000000000;700;9691810229;B
20240222;100534;159.000000000;340;9691810431;B
20240222;100535;158.980000000;20;9691810766;S
20240222;100536;159.000000000;100;9691811088;B
20240222;100537;158.980000000;10;9691811210;S
20240222;100537;159.000000000;30;9691811298;B
20240222;100538;159.000000000;100;9691811422;B
20240222;100538;158.980000000;140;9691811555;S
20240222;100539;159.000000000;10;9691811643;B
20240222;100540;159.000000000;90;9691811821;B
20240222;100540;159.000000000;10;9691811931;B
20240222;100541;158.990000000;20;9691812101;B
20240222;100542;158.990000000;10;9691812130;B
20240222;100543;159.000000000;20;9691812423;B
20240222;100543;158.990000000;1000;9691812445;B
20240222;100543;158.980000000;80;9691812575;S
20240222;100543;158.980000000;40;9691812638;S
20240222;100543;158.960000000;10;9691812639;S
20240222;100543;158.960000000;190;9691812640;S
20240222;100543;158.960000000;10;9691812641;S
20240222;100543;158.960000000;10;9691812642;S
20240222;100543;158.950000000;70;9691812643;S
20240222;100543;158.950000000;1900;9691812644;S
20240222;100543;158.940000000;30;9691812645;S
20240222;100543;158.940000000;4770;9691812646;S
20240222;100544;158.980000000;100;9691812955;S
20240222;100544;158.950000000;390;9691812956;S
20240222;100544;158.950000000;10;9691812963;S
20240222;100544;158.950000000;1240;9691813007;S
20240222;100544;158.950000000;1900;9691813133;S
20240222;100544;158.940000000;80;9691813134;S
20240222;100544;158.940000000;1350;9691813144;S
20240222;100544;158.940000000;990;9691813155;S
20240222;100544;158.930000000;50;9691813160;S
20240222;100544;158.930000000;10;9691813196;S
20240222;100544;158.920000000;10;9691813286;S
20240222;100544;158.910000000;20;9691813287;S
20240222;100544;158.910000000;550;9691813288;S
20240222;100544;158.910000000;150;9691813345;S
20240222;100544;158.910000000;100;9691813346;S
20240222;100544;158.910000000;10;9691813347;S
20240222;100544;158.910000000;10;9691813348;S
20240222;100544;158.900000000;320;9691813349;S
20240222;100544;158.900000000;2980;9691813350;S
20240222;100544;158.900000000;20;9691813351;S
20240222;100544;158.900000000;10;9691813352;S
20240222;100544;158.900000000;10;9691813353;S
20240222;100544;158.900000000;50;9691813354;S
20240222;100544;158.900000000;940;9691813355;S
20240222;100545;158.910000000;60;9691814637;S
20240222;100545;158.910000000;300;9691814642;B
20240222;100545;158.910000000;300;9691814646;B
20240222;100545;158.910000000;300;9691814649;B
20240222;100545;158.910000000;300;9691814650;B
20240222;100545;158.910000000;300;9691814651;B
20240222;100545;158.910000000;300;9691814654;B
20240222;100545;158.910000000;300;9691814657;B
20240222;100545;158.910000000;300;9691814658;B
20240222;100545;158.910000000;8000;9691814709;S
20240222;100545;158.900000000;60;9691814710;S
20240222;100545;158.900000000;10;9691814711;S
20240222;100545;158.900000000;20;9691814712;S
20240222;100545;158.900000000;200;9691814713;S
20240222;100545;158.900000000;200;9691814714;S
20240222;100545;158.900000000;500;9691814715;S
20240222;100545;158.900000000;80;9691814716;S
20240222;100545;158.900000000;10;9691814717;S
20240222;100545;158.900000000;60;9691814718;S
20240222;100545;158.880000000;40;9691814719;S
20240222;100545;158.880000000;300;9691814720;S
20240222;100545;158.850000000;500;9691814721;S
20240222;100545;158.850000000;3000;9691814722;S
20240222;100545;158.850000000;2000;9691814723;S
20240222;100545;158.830000000;200;9691814724;S
20240222;100545;158.830000000;550;9691814725;S
20240222;100545;158.830000000;2000;9691814726;S
20240222;100545;158.830000000;800;9691814727;S
20240222;100545;158.820000000;10;9691814728;S
20240222;100545;158.820000000;10;9691814729;S
20240222;100545;158.820000000;30;9691814730;S
20240222;100545;158.820000000;3210;9691814731;S
20240222;100545;158.810000000;20;9691814732;S
20240222;100545;158.810000000;3780;9691814733;S
20240222;100545;158.810000000;10;9691814734;S
20240222;100545;158.810000000;1000;9691814735;S
20240222;100545;158.800000000;180;9691814736;S
20240222;100545;158.810000000;1120;9691814738;S
20240222;100545;158.800000000;200;9691814763;S
20240222;100545;158.800000000;160;9691814769;S
20240222;100545;158.800000000;10;9691814770;S
20240222;100545;158.800000000;340;9691814771;S
20240222;100545;158.800000000;10;9691814772;S
20240222;100545;158.800000000;50;9691814773;S
20240222;100545;158.800000000;200;9691814774;S
20240222;100545;158.800000000;50;9691814776;S
20240222;100545;158.800000000;70;9691814777;S
20240222;100545;158.800000000;360;9691814778;S
20240222;100545;158.800000000;30;9691814786;S
20240222;100545;158.800000000;440;9691814787;S
20240222;100545;158.870000000;300;9691814795;B
20240222;100545;158.880000000;210;9691814796;B
20240222;100545;158.890000000;290;9691814797;B
20240222;100545;158.910000000;50;9691814828;B
20240222;100545;158.870000000;2000;9691814838;S
20240222;100545;158.870000000;510;9691814860;S
20240222;100545;158.810000000;200;9691814941;S
20240222;100546;158.810000000;700;9691815093;S
20240222;100546;158.810000000;570;9691815119;S
20240222;100546;158.800000000;1360;9691815122;S
20240222;100546;158.870000000;40;9691815159;B
20240222;100546;158.810000000;230;9691815199;S
20240222;100546;158.810000000;150;9691815237;S
20240222;100546;158.870000000;50;9691815407;B
20240222;100546;158.810000000;910;9691815587;S
20240222;100546;158.800000000;60;9691815779;S
20240222;100546;158.800000000;10;9691815796;S
20240222;100547;158.800000000;600;9691816164;S
20240222;100547;158.800000000;70;9691816264;S
20240222;100548;158.860000000;10;9691816515;B
20240222;100548;158.860000000;30;9691816625;B
20240222;100548;158.870000000;160;9691816638;B
20240222;100548;158.860000000;20;9691816692;B
20240222;100552;158.870000000;10;9691817395;B
20240222;100552;158.870000000;40;9691817429;B
20240222;100552;158.870000000;100;9691817465;B
20240222;100552;158.870000000;10;9691817483;B
20240222;100552;158.870000000;100;9691817489;B
20240222;100553;158.870000000;10;9691817587;B
20240222;100553;158.870000000;20;9691817645;B
20240222;100554;158.860000000;10;9691817779;S
20240222;100555;158.870000000;10;9691817924;B
20240222;100555;158.870000000;1110;9691818014;B
20240222;100556;158.870000000;1000;9691818356;B
20240222;100556;158.870000000;500;9691818357;B
20240222;100556;158.860000000;60;9691818458;S
20240222;100557;158.870000000;10;9691818608;B
20240222;100557;158.870000000;20;9691818715;B
20240222;100557;158.860000000;250;9691818767;S
20240222;100557;158.860000000;80;9691818777;S
20240222;100557;158.830000000;220;9691818778;S
20240222;100557;158.820000000;700;9691818779;S
20240222;100558;158.820000000;10;9691818843;B
20240222;100559;158.820000000;100;9691818980;B
20240222;100600;158.810000000;50;9691819138;S
20240222;100600;158.810000000;200;9691819139;S
20240222;100600;158.810000000;800;9691819142;B
20240222;100600;158.810000000;1000;9691819143;B
20240222;100600;158.820000000;200;9691819144;B
20240222;100600;158.820000000;690;9691819145;B
20240222;100600;158.820000000;220;9691819146;B
20240222;100600;158.870000000;1000;9691819147;B
20240222;100600;158.870000000;90;9691819148;B
20240222;100600;158.830000000;10;9691819234;S
20240222;100600;158.840000000;10;9691819248;B
20240222;100600;158.840000000;10;9691819270;B
20240222;100601;158.830000000;220;9691819345;S
20240222;100601;158.820000000;30;9691819346;S
20240222;100601;158.840000000;60;9691819514;B
20240222;100602;158.840000000;20;9691819621;B
20240222;100602;158.840000000;20;9691819628;B
20240222;100602;158.840000000;20;9691819669;B
20240222;100603;158.840000000;10;9691819843;B
20240222;100603;158.810000000;10;9691819848;S
20240222;100603;158.810000000;10;9691819849;S
20240222;100604;158.820000000;100;9691819969;B
20240222;100606;158.840000000;360;9691820468;B
20240222;100608;158.810000000;10;9691820734;S
20240222;100609;158.810000000;60;9691820748;S
20240222;100609;158.840000000;10;9691820772;B
20240222;100609;158.840000000;130;9691820788;B
20240222;100610;158.810000000;20;9691820907;S
20240222;100611;158.810000000;60;9691821051;S
20240222;100611;158.840000000;30;9691821134;B
20240222;100612;158.810000000;10;9691821277;S
20240222;100613;158.820000000;190;9691821562;B
20240222;100613;158.820000000;20;9691821719;B
20240222;100614;158.820000000;270;9691821770;B
20240222;100614;158.820000000;300;9691821989;B
20240222;100615;158.820000000;20;9691822072;B
20240222;100615;158.820000000;30;9691822073;B
20240222;100615;158.820000000;300;9691822074;B
20240222;100617;158.850000000;10;9691822778;B
20240222;100617;158.840000000;30;9691822910;S
20240222;100617;158.810000000;40;9691822911;S
20240222;100617;158.850000000;10;9691822937;B
20240222;100618;158.850000000;10;9691823055;B
20240222;100618;158.850000000;590;9691823068;B
20240222;100618;158.840000000;100;9691823197;S
20240222;100618;158.850000000;50;9691823224;B
20240222;100619;158.840000000;140;9691823252;S
20240222;100619;158.840000000;200;9691823340;S
20240222;100619;158.840000000;150;9691823455;S
20240222;100619;158.840000000;300;9691823456;S
20240222;100619;158.830000000;110;9691823457;S
20240222;100622;158.830000000;300;9691823911;S
20240222;100622;158.830000000;90;9691823912;S
20240222;100622;158.820000000;70;9691823913;S
20240222;100624;158.860000000;10;9691824771;B
20240222;100626;158.860000000;20;9691825304;B
20240222;100626;158.860000000;10;9691825366;B
20240222;100627;158.870000000;60;9691825605;B
20240222;100628;158.870000000;50;9691825792;B
20240222;100629;158.880000000;30;9691825873;B
20240222;100629;158.880000000;10;9691825934;B
20240222;100630;158.880000000;10;9691826118;B
20240222;100631;158.860000000;10;9691826244;B
20240222;100631;158.840000000;10;9691826303;S
20240222;100633;158.830000000;100;9691826757;S
20240222;100633;158.830000000;10;9691826786;S
20240222;100634;158.860000000;10;9691826901;B
20240222;100634;158.860000000;100;9691826911;B
20240222;100634;158.860000000;10;9691826947;B
20240222;100634;158.830000000;40;9691826957;S
20240222;100634;158.830000000;10;9691826976;S
20240222;100635;158.840000000;30;9691827079;B
20240222;100635;158.840000000;10;9691827088;B
20240222;100635;158.840000000;10;9691827106;B
20240222;100635;158.820000000;10;9691827174;S
20240222;100635;158.820000000;10;9691827196;S
20240222;100636;158.840000000;10;9691827288;B
20240222;100636;158.840000000;10;9691827296;B
20240222;100636;158.830000000;100;9691827332;S
20240222;100638;158.840000000;90;9691827709;B
20240222;100638;158.840000000;40;9691827710;B
20240222;100639;158.830000000;50;9691827913;S
20240222;100641;158.840000000;10;9691828323;B
20240222;100643;158.840000000;10;9691828682;B
20240222;100643;158.840000000;40;9691828776;B
20240222;100643;158.840000000;800;9691828777;B
20240222;100643;158.840000000;30;9691828778;B
20240222;100643;158.850000000;130;9691828779;B
20240222;100643;158.850000000;10;9691828793;B
20240222;100643;158.850000000;10;9691828806;B
20240222;100644;158.850000000;20;9691828900;B
20240222;100644;158.820000000;130;9691828906;S
20240222;100644;158.820000000;1900;9691828907;S
20240222;100644;158.820000000;300;9691828908;S
20240222;100644;158.810000000;10;9691828909;S
20240222;100644;158.810000000;500;9691828910;S
20240222;100644;158.810000000;8000;9691828911;S
20240222;100644;158.810000000;140;9691828912;S
20240222;100644;158.800000000;2070;9691828913;S
20240222;100644;158.800000000;10;9691828914;S
20240222;100644;158.800000000;10;9691828915;S
20240222;100644;158.800000000;10;9691828916;S
20240222;100644;158.800000000;10;9691828917;S
20240222;100644;158.800000000;40;9691828918;S
20240222;100644;158.800000000;500;9691828919;S
20240222;100644;158.800000000;2650;9691828920;S
20240222;100644;158.800000000;130;9691828921;S
20240222;100644;158.800000000;130;9691828922;S
20240222;100644;158.800000000;10;9691828923;S
20240222;100644;158.800000000;20;9691828924;S
20240222;100644;158.800000000;20;9691828925;S
20240222;100644;158.800000000;10;9691828926;S
20240222;100644;158.800000000;100;9691828927;S
20240222;100644;158.800000000;50;9691828928;S
20240222;100644;158.800000000;500;9691828929;S
20240222;100644;158.800000000;60;9691828930;S
20240222;100644;158.800000000;10;9691828931;S
20240222;100644;158.800000000;10;9691828932;S
20240222;100644;158.800000000;1000;9691828933;S
20240222;100644;158.800000000;10;9691828934;S
20240222;100644;158.790000000;10;9691828935;S
20240222;100644;158.790000000;10;9691828936;S
20240222;100644;158.780000000;10;9691828937;S
20240222;100644;158.780000000;10;9691828938;S
20240222;100644;158.780000000;10;9691828939;S
20240222;100644;158.770000000;800;9691828940;S
20240222;100644;158.770000000;2000;9691828941;S
20240222;100644;158.760000000;620;9691828942;S
20240222;100644;158.760000000;10;9691828943;S
20240222;100644;158.750000000;20;9691828944;S
20240222;100644;158.750000000;10;9691828945;S
20240222;100644;158.750000000;2000;9691828946;S
20240222;100644;158.730000000;500;9691828947;S
20240222;100644;158.730000000;3000;9691828948;S
20240222;100644;158.730000000;8000;9691828949;S
20240222;100644;158.720000000;150;9691828950;S
20240222;100644;158.720000000;520;9691828951;S
20240222;100644;158.720000000;200;9691828952;S
20240222;100644;158.720000000;10;9691828953;S
20240222;100644;158.720000000;2200;9691828954;S
20240222;100644;158.710000000;10;9691828955;S
20240222;100644;158.710000000;10;9691828956;S
20240222;100644;158.710000000;10;9691828957;S
20240222;100644;158.710000000;10;9691828958;S
20240222;100644;158.710000000;1000;9691828959;S
20240222;100644;158.710000000;10;9691828960;S
20240222;100644;158.710000000;270;9691828961;S
20240222;100644;158.700000000;20;9691828962;S
20240222;100644;158.700000000;300;9691828963;S
20240222;100644;158.700000000;20;9691828964;S
20240222;100644;158.700000000;10;9691828965;S
20240222;100644;158.700000000;10;9691828966;S
20240222;100644;158.700000000;40;9691828967;S
20240222;100644;158.700000000;50;9691828968;S
20240222;100644;158.700000000;20760;9691828969;S
20240222;100644;158.700000000;10;9691828970;S
20240222;100644;158.700000000;500;9691828971;S
20240222;100644;158.700000000;10;9691828972;S
20240222;100644;158.700000000;200;9691828973;S
20240222;100644;158.700000000;30;9691828974;S
20240222;100644;158.700000000;10;9691828975;S
20240222;100644;158.700000000;10;9691828976;S
20240222;100644;158.700000000;200;9691828978;B
20240222;100644;158.700000000;500;9691828979;B
20240222;100644;158.700000000;1000;9691828980;B
20240222;100644;158.700000000;1200;9691828981;B
20240222;100644;158.700000000;500;9691828982;B
20240222;100644;158.700000000;1000;9691828983;B
20240222;100644;158.700000000;100;9691828984;B
20240222;100644;158.700000000;300;9691828985;B
20240222;100644;158.700000000;100;9691828987;B
20240222;100644;158.700000000;100;9691828988;B
20240222;100644;158.700000000;200;9691828989;B
20240222;100644;158.700000000;100;9691828990;B
20240222;100644;158.700000000;100;9691828991;B
20240222;100644;158.700000000;100;9691828992;B
20240222;100644;158.700000000;100;9691828993;B
20240222;100644;158.700000000;300;9691828994;B
20240222;100644;158.700000000;400;9691828995;B
20240222;100644;158.700000000;40;9691829004;B
20240222;100644;158.700000000;100;9691829039;B
20240222;100645;158.690000000;10;9691829160;S
20240222;100645;158.690000000;50;9691829161;S
20240222;100645;158.690000000;1340;9691829162;S
20240222;100645;158.700000000;500;9691829288;B
20240222;100645;158.700000000;20;9691829291;B
20240222;100646;158.700000000;6310;9691829405;B
20240222;100646;158.700000000;10;9691829406;B
20240222;100646;158.700000000;10;9691829469;B
20240222;100647;158.700000000;50;9691829564;B
20240222;100647;158.700000000;1000;9691829599;B
20240222;100648;158.690000000;100;9691829842;S
20240222;100648;158.700000000;10;9691829911;B
20240222;100650;158.700000000;50;9691830142;B
20240222;100650;158.690000000;160;9691830241;S
20240222;100650;158.690000000;100;9691830242;S
20240222;100650;158.690000000;500;9691830243;S
20240222;100650;158.690000000;100;9691830244;S
20240222;100650;158.690000000;500;9691830245;S
20240222;100650;158.690000000;100;9691830246;S
20240222;100650;158.690000000;400;9691830247;S
20240222;100650;158.690000000;200;9691830248;S
20240222;100650;158.690000000;100;9691830249;S
20240222;100650;158.690000000;100;9691830250;S
20240222;100650;158.690000000;200;9691830251;S
20240222;100650;158.690000000;210;9691830252;S
20240222;100650;158.680000000;10;9691830253;S
20240222;100650;158.680000000;500;9691830254;S
20240222;100650;158.680000000;10;9691830255;S
20240222;100650;158.680000000;200;9691830256;S
20240222;100650;158.680000000;100;9691830257;S
20240222;100650;158.670000000;30;9691830258;S
20240222;100650;158.660000000;10;9691830259;S
20240222;100650;158.660000000;10;9691830260;S
20240222;100650;158.660000000;1460;9691830261;S
20240222;100650;158.680000000;10;9691830268;B
20240222;100651;158.670000000;100;9691830451;S
20240222;100652;158.690000000;10;9691830552;B
20240222;100652;158.700000000;10;9691830635;B
20240222;100652;158.700000000;10;9691830721;B
20240222;100653;158.700000000;10;9691830882;B
20240222;100654;158.700000000;10;9691831216;B
20240222;100655;158.700000000;20;9691831296;B
20240222;100655;158.700000000;40;9691831334;B
20240222;100655;158.680000000;10;9691831494;B
20240222;100655;158.680000000;130;9691831518;B
20240222;100656;158.670000000;10;9691831522;S
20240222;100656;158.690000000;10;9691831530;B
20240222;100656;158.690000000;10;9691831545;B
20240222;100656;158.690000000;10;9691831561;B
20240222;100656;158.690000000;10;9691831685;B
20240222;100656;158.690000000;20;9691831694;B
20240222;100656;158.690000000;250;9691831715;B
20240222;100656;158.690000000;100;9691831716;B
20240222;100656;158.690000000;1650;9691831717;B
20240222;100656;158.690000000;10;9691831721;B
20240222;100657;158.680000000;100;9691831871;S
20240222;100657;158.670000000;190;9691831872;S
20240222;100657;158.670000000;20;9691831873;S
20240222;100657;158.660000000;210;9691831874;S
20240222;100657;158.660000000;180;9691831875;S
20240222;100658;158.700000000;1000;9691832029;B
20240222;100658;158.700000000;300;9691832037;B
20240222;100658;158.700000000;20;9691832074;B
20240222;100659;158.700000000;10;9691832122;B
20240222;100659;158.660000000;10;9691832161;S
20240222;100700;158.690000000;180;9691832325;B
20240222;100700;158.700000000;120;9691832390;B
20240222;100700;158.700000000;200;9691832521;B
20240222;100701;158.690000000;20;9691832699;B
20240222;100701;158.690000000;10;9691832700;B
20240222;100701;158.690000000;40;9691832701;B
20240222;100701;158.670000000;10;9691832703;S
20240222;100701;158.690000000;10;9691832717;B
20240222;100701;158.700000000;40;9691832718;B
20240222;100702;158.670000000;10;9691832814;S
20240222;100702;158.670000000;10;9691832859;S
20240222;100702;158.660000000;40;9691832860;S
20240222;100702;158.690000000;150;9691832878;B
20240222;100703;158.680000000;30;9691833056;B
20240222;100703;158.680000000;10;9691833099;B
20240222;100706;158.670000000;250;9691833569;B
20240222;100706;158.670000000;500;9691833588;B
20240222;100707;158.670000000;10;9691833806;B
20240222;100707;158.670000000;110;9691833810;B
20240222;100707;158.670000000;80;9691833811;B
20240222;100707;158.670000000;800;9691833812;B
20240222;100707;158.690000000;1000;9691833813;S
20240222;100707;158.690000000;210;9691833814;S
20240222;100707;158.690000000;790;9691833815;S
20240222;100707;158.690000000;10;9691833939;S
20240222;100707;158.690000000;20;9691833946;S
20240222;100708;158.700000000;20;9691833981;B
20240222;100708;158.700000000;10;9691834046;B
20240222;100708;158.700000000;10;9691834080;B
20240222;100708;158.690000000;1970;9691834085;S
20240222;100708;158.690000000;10;9691834086;S
20240222;100708;158.680000000;240;9691834087;S
20240222;100708;158.680000000;210;9691834088;S
20240222;100708;158.660000000;80;9691834089;S
20240222;100709;158.660000000;10;9691834312;S
20240222;100711;158.670000000;10;9691834818;B
20240222;100711;158.670000000;10;9691834854;B
20240222;100712;158.670000000;10;9691834994;B
20240222;100712;158.670000000;970;9691835000;B
20240222;100712;158.670000000;30;9691835001;B
20240222;100712;158.660000000;100;9691835010;S
20240222;100712;158.670000000;30;9691835027;B
20240222;100713;158.670000000;10;9691835115;B
20240222;100713;158.660000000;150;9691835150;S
20240222;100713;158.670000000;940;9691835179;B
20240222;100713;158.680000000;60;9691835180;B
20240222;100713;158.680000000;100;9691835214;B
20240222;100713;158.680000000;1000;9691835236;B
20240222;100714;158.680000000;1000;9691835411;B
20240222;100714;158.700000000;100;9691835504;B
20240222;100715;158.690000000;300;9691835631;B
20240222;100715;158.700000000;1940;9691835632;B
20240222;100715;158.700000000;7760;9691835633;B
20240222;100715;158.670000000;20;9691835753;S
20240222;100716;158.690000000;10;9691835847;B
20240222;100716;158.690000000;10;9691835946;B
20240222;100717;158.680000000;130;9691836065;S
20240222;100718;158.680000000;10;9691836253;S
20240222;100719;158.690000000;30;9691836525;B
20240222;100719;158.690000000;100;9691836536;B
20240222;100719;158.700000000;1180;9691836594;B
20240222;100719;158.700000000;100;9691836826;B
20240222;100720;158.690000000;10;9691836836;S
20240222;100720;158.700000000;10;9691836877;B
20240222;100720;158.690000000;20;9691836905;S
20240222;100720;158.700000000;10;9691836969;B
20240222;100721;158.700000000;940;9691837122;B
20240222;100721;158.700000000;100;9691837123;B
20240222;100721;158.700000000;3310;9691837124;B
20240222;100722;158.700000000;50;9691837255;B
20240222;100722;158.700000000;40;9691837261;B
20240222;100722;158.700000000;90;9691837387;B
20240222;100722;158.700000000;10;9691837413;B
20240222;100722;158.690000000;970;9691837420;S
20240222;100722;158.690000000;30;9691837421;S
20240222;100722;158.690000000;10;9691837449;S
20240222;100723;158.700000000;10;9691837454;B
20240222;100724;158.690000000;200;9691837745;S
20240222;100725;158.700000000;30;9691837789;B
20240222;100726;158.700000000;10;9691838001;B
20240222;100726;158.700000000;30;9691838020;B
20240222;100727;158.700000000;10;9691838142;B
20240222;100727;158.700000000;100;9691838167;B
20240222;100728;158.700000000;10;9691838347;B
20240222;100728;158.700000000;500;9691838410;B
20240222;100729;158.700000000;100;9691838513;B
20240222;100729;158.690000000;10;9691838530;S
20240222;100730;158.690000000;10;9691838664;S
20240222;100730;158.700000000;50;9691838668;B
20240222;100731;158.700000000;10;9691838846;B
20240222;100732;158.700000000;10;9691838966;B
20240222;100732;158.690000000;60;9691839014;S
20240222;100732;158.700000000;1000;9691839045;B
20240222;100732;158.700000000;30;9691839051;B
20240222;100732;158.700000000;10;9691839073;B
20240222;100733;158.690000000;10;9691839164;S
20240222;100733;158.700000000;1000;9691839250;B
20240222;100734;158.700000000;40;9691839381;B
20240222;100735;158.690000000;100;9691839636;S
20240222;100735;158.700000000;10;9691839650;B
20240222;100736;158.700000000;100;9691839888;B
20240222;100737;158.690000000;10;9691840104;S
20240222;100737;158.700000000;20;9691840111;B
20240222;100737;158.700000000;30;9691840113;B
20240222;100737;158.700000000;100;9691840178;B
20240222;100737;158.700000000;20;9691840194;B
20240222;100738;158.700000000;10;9691840222;B
20240222;100738;158.700000000;30;9691840509;B
20240222;100739;158.700000000;500;9691840587;B
20240222;100740;158.700000000;640;9691840711;B
20240222;100740;158.700000000;20;9691840801;B
20240222;100741;158.700000000;90;9691840867;B
20240222;100741;158.700000000;1000;9691841011;B
20240222;100744;158.700000000;10;9691841345;B
20240222;100744;158.700000000;500;9691841366;B
20240222;100744;158.690000000;10;9691841374;S
20240222;100744;158.700000000;20;9691841447;B
20240222;100744;158.700000000;450;9691841468;B
20240222;100744;158.700000000;20;9691841469;B
20240222;100744;158.700000000;530;9691841470;B
20240222;100744;158.700000000;10;9691841503;B
20240222;100745;158.690000000;30;9691841560;S
20240222;100745;158.700000000;100;9691841625;B
20240222;100746;158.700000000;10;9691841835;B
20240222;100746;158.700000000;20;9691841846;B
20240222;100747;158.700000000;10;9691841925;B
20240222;100748;158.700000000;10;9691842215;B
20240222;100749;158.700000000;10;9691842421;B
20240222;100750;158.700000000;150;9691842532;B
20240222;100751;158.700000000;300;9691842708;B
20240222;100752;158.700000000;1000;9691842872;B
20240222;100753;158.700000000;10;9691842963;B
20240222;100755;158.700000000;1000;9691843393;B
20240222;100755;158.690000000;30;9691843394;S
20240222;100755;158.700000000;4300;9691843468;B
20240222;100755;158.700000000;10;9691843476;B
20240222;100756;158.700000000;100;9691843630;B
20240222;100756;158.700000000;10;9691843945;B
20240222;100757;158.700000000;10;9691844011;B
20240222;100757;158.700000000;10;9691844044;B
20240222;100757;158.700000000;30;9691844093;B
20240222;100758;158.700000000;50;9691844178;B
20240222;100758;158.690000000;10;9691844183;S
20240222;100758;158.690000000;220;9691844276;S
20240222;100759;158.700000000;10;9691844337;B
20240222;100759;158.690000000;10;9691844426;S
20240222;100800;158.700000000;10;9691844524;B
20240222;100801;158.690000000;10;9691844804;S
20240222;100801;158.690000000;10;9691844805;S
20240222;100801;158.690000000;10;9691844806;S
20240222;100801;158.690000000;260;9691844807;S
20240222;100801;158.700000000;9550;9691844825;B
20240222;100801;158.700000000;60;9691844826;B
20240222;100801;158.700000000;310;9691844827;B
20240222;100801;158.700000000;40;9691844828;B
20240222;100801;158.700000000;40;9691844829;B
20240222;100802;158.690000000;60;9691844876;S
20240222;100802;158.700000000;10;9691844898;B
20240222;100803;158.700000000;200;9691845144;B
20240222;100804;158.700000000;100;9691845195;B
20240222;100804;158.700000000;100;9691845299;B
20240222;100805;158.690000000;10;9691845472;S
20240222;100805;158.690000000;670;9691845571;S
20240222;100805;158.690000000;10;9691845572;S
20240222;100805;158.690000000;230;9691845573;S
20240222;100805;158.690000000;1180;9691845574;S
20240222;100805;158.690000000;10;9691845575;S
20240222;100805;158.680000000;60;9691845576;S
20240222;100805;158.680000000;10;9691845577;S
20240222;100805;158.680000000;80;9691845578;S
20240222;100805;158.680000000;10;9691845579;S
20240222;100805;158.680000000;10;9691845580;S
20240222;100805;158.670000000;100;9691845581;S
20240222;100805;158.670000000;10;9691845582;S
20240222;100805;158.670000000;10;9691845583;S
20240222;100805;158.670000000;610;9691845584;S
20240222;100807;158.660000000;10;9691845977;S
20240222;100807;158.670000000;150;9691846024;B
20240222;100807;158.660000000;10;9691846091;S
20240222;100808;158.670000000;130;9691846122;B
20240222;100808;158.670000000;130;9691846160;B
20240222;100809;158.670000000;590;9691846304;B
20240222;100809;158.690000000;1000;9691846305;B
20240222;100809;158.690000000;1000;9691846306;B
20240222;100809;158.690000000;230;9691846307;B
20240222;100809;158.700000000;7170;9691846308;B
20240222;100809;158.700000000;10;9691846309;B
20240222;100809;158.660000000;20;9691846310;S
20240222;100809;158.660000000;50;9691846311;S
20240222;100809;158.660000000;10;9691846312;S
20240222;100809;158.660000000;60;9691846313;S
20240222;100809;158.660000000;10;9691846314;S
20240222;100809;158.660000000;10;9691846315;S
20240222;100809;158.660000000;1900;9691846316;S
20240222;100809;158.650000000;10;9691846317;S
20240222;100809;158.650000000;50;9691846318;S
20240222;100809;158.650000000;780;9691846319;S
20240222;100809;158.670000000;10;9691846334;B
20240222;100809;158.660000000;10;9691846420;S
20240222;100809;158.670000000;90;9691846434;B
20240222;100810;158.670000000;30;9691846502;B
20240222;100810;158.670000000;60;9691846596;B
20240222;100810;158.680000000;800;9691846597;B
20240222;100810;158.690000000;230;9691846598;B
20240222;100810;158.700000000;910;9691846599;B
20240222;100810;158.680000000;100;9691846606;B
20240222;100811;158.680000000;20;9691846710;B
20240222;100811;158.680000000;10;9691846740;B
20240222;100812;158.680000000;1000;9691846847;B
20240222;100812;158.680000000;10;9691846867;B
20240222;100813;158.680000000;10;9691847131;B
20240222;100815;158.680000000;1240;9691847331;B
20240222;100815;158.690000000;500;9691847332;B
20240222;100817;158.700000000;10;9691847684;B
20240222;100818;158.700000000;10;9691847882;B
20240222;100819;158.700000000;30;9691847953;B
20240222;100820;158.700000000;10;9691848169;B
20240222;100821;158.690000000;10;9691848312;S
20240222;100822;158.700000000;20;9691848384;B
20240222;100823;158.700000000;500;9691848595;B
20240222;100823;158.690000000;60;9691848606;S
20240222;100823;158.690000000;60;9691848653;S
20240222;100824;158.690000000;10;9691848869;S
20240222;100824;158.700000000;10;9691848878;B
20240222;100824;158.690000000;10;9691848977;S
20240222;100825;158.690000000;10;9691849130;S
20240222;100826;158.700000000;60;9691849282;B
20240222;100827;158.690000000;20;9691849426;S
20240222;100827;158.700000000;10;9691849518;B
20240222;100828;158.690000000;420;9691849628;S
20240222;100828;158.700000000;10;9691849662;B
20240222;100829;158.690000000;20;9691849773;S
20240222;100830;158.690000000;10;9691849868;S
20240222;100831;158.700000000;20;9691850008;B
20240222;100831;158.700000000;10;9691850119;B
20240222;100831;158.690000000;630;9691850125;S
20240222;100831;158.690000000;70;9691850126;S
20240222;100831;158.690000000;10;9691850190;S
20240222;100831;158.690000000;70;9691850191;S
20240222;100831;158.690000000;600;9691850192;S
20240222;100831;158.690000000;80;9691850193;S
20240222;100831;158.680000000;1900;9691850194;S
20240222;100831;158.680000000;200;9691850195;S
20240222;100831;158.680000000;240;9691850196;S
20240222;100831;158.670000000;10;9691850197;S
20240222;100831;158.670000000;100;9691850198;S
20240222;100831;158.670000000;9090;9691850199;S
20240222;100831;158.680000000;10;9691850200;B
20240222;100831;158.680000000;10;9691850204;B
20240222;100833;158.680000000;780;9691850484;B
20240222;100833;158.690000000;240;9691850485;B
20240222;100833;158.700000000;230;9691850486;B
20240222;100834;158.700000000;10;9691850649;B
20240222;100834;158.700000000;1000;9691850703;B
20240222;100835;158.700000000;10;9691850783;B
20240222;100836;158.690000000;10;9691851084;S
20240222;100836;158.690000000;40;9691851085;S
20240222;100837;158.700000000;100;9691851201;B
20240222;100838;158.700000000;390;9691851523;B
20240222;100838;158.700000000;10;9691851586;B
20240222;100839;158.700000000;20;9691851715;B
20240222;100840;158.700000000;3940;9691851884;B
20240222;100840;158.700000000;1060;9691851885;B
20240222;100841;158.680000000;10;9691852127;S
20240222;100841;158.700000000;4390;9691852132;B
20240222;100842;158.680000000;990;9691852252;S
20240222;100842;158.680000000;10;9691852253;S
20240222;100842;158.700000000;10;9691852255;B
20240222;100843;158.680000000;10;9691852408;S
20240222;100844;158.690000000;60;9691852474;B
20240222;100844;158.700000000;940;9691852475;B
20240222;100844;158.680000000;10;9691852545;S
20240222;100845;158.680000000;590;9691852802;S
20240222;100845;158.680000000;1280;9691852865;S
20240222;100845;158.670000000;620;9691852866;S
20240222;100845;158.680000000;130;9691852974;B
20240222;100847;158.680000000;20;9691853208;B
20240222;100847;158.670000000;10;9691853210;S
20240222;100849;158.690000000;10;9691853561;B
20240222;100849;158.690000000;20;9691853654;B
20240222;100850;158.690000000;100;9691853678;B
20240222;100850;158.680000000;10;9691853726;S
20240222;100850;158.680000000;1890;9691853734;S
20240222;100850;158.680000000;10;9691853735;S
20240222;100850;158.680000000;500;9691853736;S
20240222;100850;158.670000000;280;9691853737;S
20240222;100850;158.670000000;10;9691853738;S
20240222;100850;158.670000000;10;9691853739;S
20240222;100850;158.670000000;300;9691853740;S
20240222;100850;158.670000000;10;9691853741;S
20240222;100850;158.670000000;10;9691853742;S
20240222;100850;158.670000000;2000;9691853743;S
20240222;100850;158.670000000;30;9691853744;S
20240222;100850;158.660000000;10;9691853745;S
20240222;100850;158.660000000;630;9691853746;S
20240222;100850;158.660000000;10;9691853747;S
20240222;100850;158.660000000;20;9691853748;S
20240222;100850;158.660000000;110;9691853749;S
20240222;100850;158.660000000;350;9691853750;S
20240222;100850;158.660000000;10;9691853751;S
20240222;100850;158.650000000;860;9691853752;S
20240222;100850;158.650000000;2950;9691853753;S
20240222;100850;158.660000000;10;9691853803;S
20240222;100850;158.660000000;240;9691853805;S
20240222;100851;158.660000000;50;9691853846;B
20240222;100852;158.660000000;10;9691854232;B
20240222;100853;158.650000000;50;9691854658;S
20240222;100853;158.650000000;10;9691854659;S
20240222;100853;158.650000000;20;9691854660;S
20240222;100853;158.650000000;60;9691854661;S
20240222;100853;158.650000000;20;9691854662;S
20240222;100853;158.650000000;10;9691854663;S
20240222;100853;158.650000000;120;9691854664;S
20240222;100853;158.650000000;2000;9691854665;S
20240222;100853;158.650000000;20;9691854666;S
20240222;100853;158.650000000;10;9691854667;S
20240222;100853;158.650000000;50;9691854668;S
20240222;100853;158.650000000;100;9691854669;S
20240222;100853;158.650000000;10000;9691854670;S
20240222;100853;158.650000000;30;9691854671;S
20240222;100853;158.650000000;40;9691854672;S
20240222;100853;158.650000000;10;9691854673;S
20240222;100853;158.650000000;20;9691854674;S
20240222;100853;158.650000000;2430;9691854675;S
20240222;100853;158.660000000;940;9691854690;B
20240222;100853;158.660000000;50;9691854691;B
20240222;100853;158.660000000;1000;9691854692;B
20240222;100853;158.660000000;800;9691854693;B
20240222;100853;158.660000000;40;9691854694;B
20240222;100854;158.670000000;400;9691854891;B
20240222;100854;158.670000000;400;9691854899;B
20240222;100854;158.670000000;250;9691854900;B
20240222;100854;158.680000000;190;9691854901;B
20240222;100854;158.680000000;40;9691854902;B
20240222;100854;158.690000000;1950;9691854903;B
20240222;100854;158.660000000;360;9691854999;S
20240222;100854;158.670000000;10;9691855015;B
20240222;100855;158.670000000;100;9691855179;B
20240222;100855;158.670000000;50;9691855202;B
20240222;100856;158.670000000;10;9691855280;B
20240222;100857;158.670000000;100;9691855363;B
20240222;100857;158.670000000;10;9691855425;B
20240222;100858;158.670000000;10;9691855608;B
20240222;100858;158.670000000;510;9691855628;B
20240222;100858;158.670000000;100;9691855644;B
20240222;100859;158.680000000;10;9691855739;S
20240222;100900;158.680000000;180;9691855926;B
20240222;100900;158.680000000;10;9691855956;B
20240222;100900;158.680000000;80;9691855961;S
20240222;100900;158.680000000;10;9691855999;S
20240222;100900;158.680000000;10;9691856020;S
20240222;100901;158.690000000;780;9691856054;B
20240222;100901;158.690000000;200;9691856167;S
20240222;100902;158.700000000;600;9691856317;B
20240222;100902;158.700000000;1250;9691856318;B
20240222;100902;158.700000000;10;9691856408;B
20240222;100903;158.690000000;10;9691856513;S
20240222;100904;158.700000000;30;9691856646;B
20240222;100904;158.700000000;370;9691856809;B
20240222;100905;158.700000000;10;9691856947;B
20240222;100906;158.700000000;360;9691857024;B
20240222;100906;158.700000000;2000;9691857157;B
20240222;100906;158.700000000;1000;9691857160;B
20240222;100906;158.700000000;500;9691857162;B
20240222;100907;158.700000000;10;9691857324;B
20240222;100907;158.700000000;10;9691857325;B
20240222;100908;158.700000000;10;9691857434;B
20240222;100908;158.690000000;650;9691857486;S
20240222;100908;158.700000000;130;9691857530;B
20240222;100908;158.700000000;10;9691857536;B
20240222;100908;158.700000000;100;9691857540;B
20240222;100909;158.700000000;20;9691857544;B
20240222;100910;158.700000000;20;9691857796;B
20240222;100911;158.700000000;10;9691857934;B
20240222;100911;158.700000000;20;9691858013;B
20240222;100911;158.700000000;10;9691858136;B
20240222;100912;158.700000000;2830;9691858165;B
20240222;100912;158.700000000;10;9691858208;B
20240222;100913;158.700000000;2730;9691858427;B
20240222;100913;158.700000000;20;9691858428;B
20240222;100913;158.700000000;80;9691858429;B
20240222;100913;158.690000000;140;9691858468;S
20240222;100913;158.690000000;60;9691858469;S
20240222;100914;158.690000000;10;9691858478;S
20240222;100914;158.690000000;930;9691858497;S
20240222;100914;158.690000000;300;9691858498;S
20240222;100914;158.690000000;470;9691858499;S
20240222;100914;158.700000000;50;9691858590;B
20240222;100914;158.700000000;2830;9691858653;B
20240222;100914;158.700000000;30;9691858683;B
20240222;100915;158.700000000;10;9691858754;B
20240222;100915;158.700000000;10;9691858772;B
20240222;100915;158.690000000;10;9691858834;S
20240222;100915;158.700000000;1000;9691858848;B
20240222;100916;158.700000000;250;9691858869;B
20240222;100917;158.690000000;200;9691859050;S
20240222;100918;158.700000000;10;9691859087;B
20240222;100920;158.700000000;20;9691859396;B
20240222;100921;158.700000000;20;9691859556;B
20240222;100921;158.700000000;20;9691859608;B
20240222;100921;158.700000000;10;9691859610;B
20240222;100921;158.690000000;50;9691859651;S
20240222;100922;158.690000000;100;9691859754;S
20240222;100924;158.700000000;2830;9691859986;B
20240222;100924;158.700000000;20;9691860075;B
20240222;100925;158.700000000;1500;9691860180;B
20240222;100925;158.700000000;500;9691860181;B
