<DATE>;<TIME>;<LAST>;<VOL>;<ID>;<OPER>
20240212;095957;163.280000000;30;9586037792;S
20240212;095957;163.280000000;100;9586037793;S
20240212;095957;163.280000000;250;9586037794;B
20240212;095957;163.280000000;270;9586037795;B
20240212;095957;163.280000000;20;9586037796;B
20240212;095957;163.280000000;10;9586037797;B
20240212;095957;163.280000000;60;9586037798;B
20240212;095957;163.280000000;400;9586037799;B
20240212;095957;163.280000000;30;9586037800;B
20240212;095957;163.280000000;10;9586037801;B
20240212;095957;163.280000000;1000;9586037802;B
20240212;095957;163.280000000;10;9586037803;B
20240212;095957;163.280000000;80;9586037804;B
20240212;095957;163.280000000;10;9586037805;B
20240212;095957;163.280000000;30;9586037806;B
20240212;095957;163.280000000;40;9586037807;B
20240212;095957;163.280000000;10;9586037808;B
20240212;095957;163.280000000;10;9586037809;B
20240212;095957;163.280000000;1000;9586037810;B
20240212;095957;163.280000000;270;9586037811;B
20240212;095957;163.280000000;10;9586037812;B
20240212;095957;163.280000000;100;9586037813;B
20240212;095957;163.280000000;10;9586037814;B
20240212;095957;163.280000000;30;9586037815;B
20240212;095957;163.280000000;150;9586037816;B
20240212;095957;163.280000000;10;9586037817;B
20240212;095957;163.280000000;20;9586037818;B
20240212;095957;163.280000000;20;9586037819;B
20240212;095957;163.280000000;10;9586037820;B
20240212;095957;163.280000000;500;9586037821;B
20240212;095957;163.280000000;10;9586037822;B
20240212;095957;163.280000000;100;9586037823;B
20240212;095957;163.280000000;10;9586037824;B
20240212;095957;163.280000000;5000;9586037825;B
20240212;095957;163.280000000;10;9586037826;B
20240212;095957;163.280000000;40;9586037827;B
20240212;095957;163.280000000;330;9586037828;B
20240212;095957;163.280000000;50;9586037829;B
20240212;095957;163.280000000;20;9586037830;B
20240212;095957;163.280000000;60;9586037831;B
20240212;095957;163.280000000;10;9586037832;B
20240212;095957;163.280000000;200;9586037833;B
20240212;095957;163.280000000;30;9586037834;B
20240212;095957;163.280000000;80;9586037835;B
20240212;095957;163.280000000;210;9586037836;B
20240212;095957;163.280000000;30;9586037837;B
20240212;095957;163.280000000;80;9586037838;B
20240212;095957;163.280000000;10;9586037839;B
20240212;095957;163.280000000;80;9586037840;B
20240212;095957;163.280000000;300;9586037841;B
20240212;095957;163.280000000;10;9586037842;B
20240212;095957;163.280000000;10;9586037843;B
20240212;095957;163.280000000;50;9586037844;B
20240212;095957;163.280000000;170;9586037845;B
20240212;095957;163.280000000;20;9586037846;B
20240212;095957;163.280000000;50;9586037847;B
20240212;095957;163.280000000;10;9586037848;B
20240212;095957;163.280000000;60;9586037849;B
20240212;095957;163.280000000;40;9586037850;B
20240212;095957;163.280000000;60;9586037851;B
20240212;095957;163.280000000;10;9586037852;B
20240212;095957;163.280000000;10;9586037853;B
20240212;095957;163.280000000;1000;9586037854;B
20240212;095957;163.280000000;10;9586037855;B
20240212;095957;163.280000000;10;9586037856;B
20240212;095957;163.280000000;220;9586037857;B
20240212;095957;163.280000000;1670;9586037858;B
20240212;095957;163.280000000;800;9586037859;B
20240212;095957;163.280000000;970;9586037860;B
20240212;095957;163.280000000;30;9586037861;B
20240212;095957;163.280000000;10;9586037862;S
20240212;095957;163.280000000;20;9586037863;S
20240212;095957;163.280000000;160;9586037864;S
20240212;095957;163.280000000;600;9586037865;S
20240212;095957;163.280000000;10;9586037866;B
20240212;095957;163.280000000;10;9586037867;B
20240212;095957;163.280000000;10;9586037868;B
20240212;095957;163.280000000;10;9586037869;B
20240212;095957;163.280000000;10;9586037870;B
20240212;095957;163.280000000;10;9586037871;B
20240212;095957;163.280000000;10;9586037872;B
20240212;095957;163.280000000;40;9586037873;B
20240212;095957;163.280000000;250;9586037874;B
20240212;095957;163.280000000;10;9586037875;B
20240212;095957;163.280000000;10;9586037876;B
20240212;095957;163.280000000;80;9586037877;B
20240212;095957;163.280000000;320;9586037878;B
20240212;095957;163.280000000;10;9586037879;B
20240212;095957;163.280000000;150;9586037880;B
20240212;095957;163.280000000;10;9586037881;S
20240212;095957;163.280000000;10;9586037882;S
20240212;095957;163.280000000;500;9586037883;B
20240212;095957;163.280000000;80;9586037884;S
20240212;095957;163.280000000;560;9586037885;S
20240212;095957;163.280000000;390;9586037886;B
20240212;095957;163.280000000;30;9586037887;B
20240212;095957;163.280000000;10;9586037888;B
20240212;095957;163.280000000;230;9586037889;B
20240212;095957;163.280000000;30;9586037890;B
20240212;095957;163.280000000;830;9586037891;B
20240212;095957;163.280000000;10;9586037892;B
20240212;095957;163.280000000;10;9586037893;B
20240212;095957;163.280000000;10;9586037894;B
20240212;095957;163.280000000;10;9586037895;B
20240212;095957;163.280000000;10;9586037896;B
20240212;095957;163.280000000;10;9586037897;B
20240212;095957;163.280000000;10;9586037898;B
20240212;095957;163.280000000;50;9586037899;B
20240212;095957;163.280000000;10;9586037900;B
20240212;095957;163.280000000;10;9586037901;B
20240212;095957;163.280000000;20;9586037902;B
20240212;095957;163.280000000;10;9586037903;B
20240212;095957;163.280000000;130;9586037904;B
20240212;095957;163.280000000;10;9586037905;B
20240212;095957;163.280000000;30;9586037906;B
20240212;095957;163.280000000;70;9586037907;B
20240212;095957;163.280000000;10;9586037908;B
20240212;095957;163.280000000;10;9586037909;B
20240212;095957;163.280000000;10;9586037910;B
20240212;095957;163.280000000;1000;9586037911;B
20240212;095957;163.280000000;20;9586037912;B
20240212;095957;163.280000000;10;9586037913;B
20240212;095957;163.280000000;670;9586037914;B
20240212;095957;163.280000000;10;9586037915;B
20240212;095957;163.280000000;10;9586037916;B
20240212;095957;163.280000000;100;9586037917;B
20240212;095957;163.280000000;10;9586037918;B
20240212;095957;163.280000000;10;9586037919;B
20240212;095957;163.280000000;10;9586037920;B
20240212;095957;163.280000000;10;9586037921;B
20240212;095957;163.280000000;10;9586037922;B
20240212;095957;163.280000000;10;9586037923;B
20240212;095957;163.280000000;20;9586037924;B
20240212;095957;163.280000000;200;9586037925;B
20240212;095957;163.280000000;10;9586037926;B
20240212;095957;163.280000000;10;9586037927;B
20240212;095957;163.280000000;20;9586037928;B
20240212;095957;163.280000000;10;9586037929;B
20240212;095957;163.280000000;10;9586037930;B
20240212;095957;163.280000000;10;9586037931;B
20240212;095957;163.280000000;10;9586037932;B
20240212;095957;163.280000000;10;9586037933;B
20240212;095957;163.280000000;110;9586037934;B
20240212;095957;163.280000000;10;9586037935;B
20240212;095957;163.280000000;750;9586037936;B
20240212;095957;163.280000000;10;9586037937;B
20240212;095957;163.280000000;10;9586037938;B
20240212;095957;163.280000000;10;9586037939;B
20240212;095957;163.280000000;10;9586037940;B
20240212;095957;163.280000000;10;9586037941;B
20240212;095957;163.280000000;10;9586037942;S
20240212;095957;163.280000000;10;9586037943;B
20240212;095957;163.280000000;10;9586037944;B
20240212;095957;163.280000000;890;9586037945;B
20240212;095957;163.280000000;10;9586037946;B
20240212;095957;163.280000000;30;9586037947;B
20240212;095957;163.280000000;20;9586037948;B
20240212;095957;163.280000000;10;9586037949;B
20240212;095957;163.280000000;10;9586037950;B
20240212;095957;163.280000000;500;9586037951;B
20240212;095957;163.280000000;130;9586037952;B
20240212;095957;163.280000000;170;9586037953;B
20240212;095957;163.280000000;30;9586037954;B
20240212;095957;163.280000000;50;9586037955;B
20240212;095957;163.280000000;350;9586037956;B
20240212;095957;163.280000000;20;9586037957;B
20240212;095957;163.280000000;10;9586037958;B
20240212;095957;163.280000000;100;9586037959;B
20240212;095957;163.280000000;10;9586037960;B
20240212;095957;163.280000000;30;9586037961;B
20240212;095957;163.280000000;50;9586037962;B
20240212;095957;163.280000000;10;9586037963;B
20240212;095957;163.280000000;10;9586037964;B
20240212;095957;163.280000000;200;9586037965;B
20240212;095957;163.280000000;20;9586037966;B
20240212;095957;163.280000000;400;9586037967;B
20240212;095957;163.280000000;10;9586037968;B
20240212;095957;163.280000000;110;9586037969;B
20240212;095957;163.280000000;1820;9586037970;B
20240212;095957;163.280000000;10;9586037971;B
20240212;095957;163.280000000;3170;9586037972;B
20240212;100000;163.330000000;10;9586039094;B
20240212;100000;163.380000000;10;9586039407;B
20240212;100000;163.380000000;10;9586039524;B
20240212;100000;163.390000000;70;9586039525;B
20240212;100000;163.390000000;10;9586039592;B
20240212;100000;163.370000000;100;9586039617;S
20240212;100000;163.390000000;30;9586039717;B
20240212;100001;163.380000000;200;9586039916;S
20240212;100001;163.380000000;40;9586040542;S
20240212;100001;163.390000000;2320;9586040731;B
20240212;100001;163.390000000;10;9586040740;B
20240212;100001;163.390000000;10;9586040746;B
20240212;100001;163.390000000;40;9586040790;B
20240212;100001;163.390000000;30;9586040791;B
20240212;100002;163.380000000;10;9586041031;S
20240212;100002;163.390000000;100;9586041258;B
20240212;100002;163.380000000;10;9586041609;S
20240212;100002;163.380000000;150;9586041614;S
20240212;100003;163.390000000;740;9586042641;B
20240212;100004;163.390000000;20;9586042890;B
20240212;100004;163.390000000;130;9586042891;B
20240212;100004;163.390000000;180;9586043246;B
20240212;100004;163.390000000;140;9586043403;B
20240212;100005;163.380000000;10;9586043504;S
20240212;100005;163.390000000;10;9586043697;B
20240212;100005;163.390000000;10;9586043703;B
20240212;100005;163.390000000;10;9586043707;B
20240212;100005;163.380000000;20;9586043710;S
20240212;100005;163.390000000;10;9586043711;B
20240212;100005;163.390000000;10;9586043713;B
20240212;100005;163.390000000;20;9586043719;B
20240212;100005;163.390000000;10;9586043722;B
20240212;100005;163.390000000;10;9586043723;B
20240212;100005;163.390000000;10;9586043733;B
20240212;100005;163.390000000;10;9586043747;B
20240212;100005;163.390000000;10;9586043749;B
20240212;100005;163.390000000;10;9586043751;B
20240212;100005;163.380000000;10;9586043755;S
20240212;100005;163.390000000;10;9586043759;B
20240212;100005;163.390000000;10;9586043762;B
20240212;100005;163.380000000;220;9586043766;S
20240212;100005;163.390000000;10;9586043848;B
20240212;100005;163.380000000;10;9586043850;S
20240212;100005;163.390000000;10;9586043854;B
20240212;100005;163.400000000;10;9586043861;B
20240212;100005;163.400000000;20;9586043863;B
20240212;100005;163.400000000;30;9586043865;B
20240212;100005;163.400000000;50;9586043873;B
20240212;100005;163.400000000;10;9586043879;B
20240212;100005;163.380000000;160;9586043882;S
20240212;100005;163.400000000;10;9586043888;B
20240212;100005;163.380000000;10;9586043894;S
20240212;100005;163.400000000;10;9586043897;B
20240212;100005;163.400000000;10;9586043906;B
20240212;100005;163.400000000;10;9586043919;B
20240212;100005;163.400000000;10;9586043921;B
20240212;100005;163.400000000;10;9586043923;B
20240212;100005;163.380000000;10;9586043927;S
20240212;100005;163.380000000;20;9586043930;S
20240212;100005;163.380000000;10;9586043937;S
20240212;100005;163.390000000;10;9586043950;B
20240212;100005;163.390000000;10;9586043957;B
20240212;100005;163.390000000;10;9586043964;B
20240212;100005;163.390000000;10;9586043969;B
20240212;100005;163.390000000;10;9586044053;B
20240212;100005;163.390000000;10;9586044463;B
20240212;100005;163.390000000;40;9586044469;B
20240212;100005;163.390000000;10;9586044472;B
20240212;100005;163.390000000;10;9586044476;B
20240212;100005;163.390000000;10;9586044477;B
20240212;100006;163.390000000;80;9586044602;B
20240212;100006;163.390000000;10;9586044819;B
20240212;100006;163.390000000;10;9586045052;B
20240212;100006;163.390000000;100;9586045059;B
20240212;100006;163.390000000;10;9586045064;B
20240212;100006;163.390000000;30;9586045066;B
20240212;100006;163.390000000;20;9586045068;B
20240212;100006;163.390000000;10;9586045070;B
20240212;100006;163.390000000;10;9586045088;B
20240212;100006;163.390000000;100;9586045115;B
20240212;100006;163.380000000;10;9586045118;S
20240212;100006;163.390000000;10;9586045120;B
20240212;100006;163.400000000;10;9586045201;B
20240212;100006;163.400000000;10;9586045217;B
20240212;100006;163.380000000;10;9586045227;S
20240212;100006;163.400000000;30;9586045245;B
20240212;100006;163.410000000;220;9586045246;B
20240212;100006;163.420000000;60;9586045247;B
20240212;100006;163.380000000;10;9586045253;S
20240212;100006;163.400000000;10;9586045271;S
20240212;100006;163.440000000;10;9586045280;B
20240212;100006;163.440000000;10;9586045295;B
20240212;100006;163.440000000;30;9586045300;B
20240212;100006;163.440000000;170;9586045311;B
20240212;100006;163.450000000;10;9586045312;B
20240212;100006;163.440000000;10;9586045325;B
20240212;100006;163.440000000;10;9586045343;B
20240212;100006;163.440000000;10;9586045356;B
20240212;100006;163.400000000;10;9586045360;S
20240212;100006;163.440000000;10;9586045363;B
20240212;100006;163.440000000;10;9586045372;B
20240212;100006;163.440000000;10;9586045382;B
20240212;100006;163.400000000;10;9586045443;S
20240212;100006;163.440000000;10;9586045447;B
20240212;100006;163.400000000;10;9586045451;S
20240212;100006;163.400000000;10;9586045456;S
20240212;100006;163.440000000;10;9586045457;B
20240212;100006;163.400000000;50;9586045462;S
20240212;100006;163.440000000;10;9586045468;B
20240212;100006;163.440000000;10;9586045470;B
20240212;100006;163.440000000;10;9586045471;B
20240212;100006;163.400000000;10;9586045473;S
20240212;100006;163.400000000;10;9586045476;S
20240212;100006;163.440000000;10;9586045481;B
20240212;100006;163.440000000;10;9586045486;B
20240212;100006;163.440000000;10;9586045489;B
20240212;100006;163.440000000;20;9586045511;B
20240212;100006;163.440000000;10;9586045519;B
20240212;100006;163.440000000;10;9586045520;B
20240212;100006;163.400000000;10;9586045522;S
20240212;100006;163.440000000;10;9586045524;B
20240212;100006;163.440000000;10;9586045526;B
20240212;100006;163.400000000;10;9586045530;S
20240212;100006;163.440000000;10;9586045534;B
20240212;100006;163.440000000;10;9586045536;B
20240212;100006;163.400000000;10;9586045540;S
20240212;100006;163.440000000;10;9586045543;B
20240212;100006;163.440000000;10;9586045546;B
20240212;100006;163.400000000;10;9586045549;S
20240212;100006;163.440000000;40;9586045555;B
20240212;100006;163.400000000;10;9586045557;S
20240212;100006;163.400000000;30;9586045562;S
20240212;100006;163.440000000;10;9586045563;B
20240212;100006;163.440000000;10;9586046180;B
20240212;100006;163.440000000;10;9586046182;B
20240212;100006;163.440000000;10;9586046190;B
20240212;100006;163.400000000;10;9586046196;S
20240212;100006;163.440000000;10;9586046197;B
20240212;100006;163.400000000;50;9586046200;S
20240212;100006;163.400000000;10;9586046206;S
20240212;100006;163.400000000;20;9586046210;S
20240212;100006;163.440000000;10;9586046216;B
20240212;100006;163.440000000;20;9586046228;B
20240212;100006;163.440000000;10;9586046233;B
20240212;100006;163.440000000;10;9586046236;B
20240212;100006;163.440000000;10;9586046251;B
20240212;100006;163.440000000;10;9586046255;B
20240212;100006;163.440000000;10;9586046265;B
20240212;100006;163.440000000;10;9586046274;B
20240212;100006;163.440000000;20;9586046289;B
20240212;100006;163.450000000;10;9586046290;B
20240212;100006;163.400000000;60;9586046293;S
20240212;100006;163.400000000;20;9586046533;S
20240212;100006;163.400000000;20;9586046584;S
20240212;100006;163.440000000;10;9586046589;B
20240212;100006;163.440000000;10;9586046626;B
20240212;100006;163.400000000;10;9586046632;S
20240212;100006;163.400000000;10;9586046634;S
20240212;100006;163.440000000;10;9586046638;B
20240212;100006;163.440000000;10;9586046649;B
20240212;100006;163.440000000;20;9586046656;B
20240212;100006;163.440000000;10;9586046664;B
20240212;100006;163.440000000;10;9586046667;B
20240212;100006;163.440000000;10;9586046676;B
20240212;100006;163.440000000;10;9586046680;B
20240212;100006;163.400000000;80;9586046682;S
20240212;100007;163.440000000;10;9586046684;B
20240212;100007;163.440000000;10;9586046685;B
20240212;100007;163.440000000;10;9586046687;B
20240212;100007;163.440000000;10;9586046700;B
20240212;100007;163.400000000;20;9586046704;S
20240212;100007;163.440000000;40;9586046739;B
20240212;100007;163.440000000;10;9586046944;B
20240212;100007;163.440000000;10;9586046947;B
20240212;100007;163.440000000;10;9586046949;B
20240212;100007;163.440000000;10;9586047509;B
20240212;100007;163.440000000;10;9586047514;B
20240212;100007;163.440000000;210;9586047602;B
20240212;100007;163.450000000;20;9586047603;B
20240212;100007;163.450000000;220;9586047604;B
20240212;100007;163.450000000;350;9586047605;B
20240212;100007;163.460000000;30;9586047606;B
20240212;100007;163.460000000;220;9586047607;B
20240212;100007;163.460000000;300;9586047608;B
20240212;100007;163.470000000;10;9586047609;B
20240212;100007;163.470000000;150;9586047610;B
20240212;100007;163.460000000;50;9586047788;B
20240212;100007;163.400000000;10;9586047934;S
20240212;100007;163.440000000;10;9586047946;B
20240212;100007;163.440000000;10;9586047953;B
20240212;100007;163.400000000;10;9586047957;S
20240212;100007;163.400000000;10;9586047958;S
20240212;100007;163.440000000;20;9586047962;B
20240212;100007;163.440000000;10;9586047965;B
20240212;100007;163.440000000;10;9586047967;B
20240212;100007;163.440000000;10;9586047971;B
20240212;100007;163.400000000;20;9586047980;S
20240212;100007;163.440000000;10;9586047983;B
20240212;100007;163.440000000;10;9586047985;B
20240212;100007;163.400000000;30;9586047993;S
20240212;100007;163.400000000;10;9586047997;S
20240212;100007;163.400000000;210;9586048000;S
20240212;100007;163.440000000;10;9586048167;B
20240212;100007;163.440000000;10;9586048168;B
20240212;100007;163.440000000;30;9586048169;B
20240212;100007;163.400000000;10;9586048170;S
20240212;100007;163.400000000;10;9586048171;S
20240212;100007;163.450000000;20;9586048173;B
20240212;100007;163.450000000;10;9586048174;B
20240212;100007;163.450000000;30;9586048175;B
20240212;100007;163.450000000;10;9586048179;B
20240212;100007;163.450000000;10;9586048181;B
20240212;100007;163.450000000;10;9586048183;B
20240212;100007;163.450000000;10;9586048196;B
20240212;100007;163.450000000;120;9586048222;B
20240212;100007;163.460000000;170;9586048223;B
20240212;100007;163.460000000;300;9586048224;B
20240212;100007;163.460000000;320;9586048225;B
20240212;100007;163.470000000;70;9586048226;B
20240212;100007;163.470000000;20;9586048227;B
20240212;100008;163.460000000;10;9586049018;B
20240212;100008;163.460000000;10;9586049026;B
20240212;100008;163.410000000;10;9586049034;S
20240212;100008;163.460000000;10;9586049043;B
20240212;100008;163.460000000;10;9586049051;B
20240212;100008;163.410000000;10;9586049059;S
20240212;100008;163.410000000;10;9586049068;S
20240212;100008;163.460000000;10;9586049075;B
20240212;100008;163.460000000;20;9586049086;B
20240212;100008;163.460000000;10;9586049095;B
20240212;100008;163.410000000;10;9586049097;S
20240212;100008;163.460000000;10;9586049101;B
20240212;100008;163.410000000;10;9586049104;S
20240212;100008;163.460000000;10;9586049109;B
20240212;100008;163.460000000;10;9586049114;B
20240212;100008;163.460000000;10;9586049115;B
20240212;100008;163.460000000;50;9586049121;B
20240212;100008;163.410000000;10;9586049123;S
20240212;100008;163.460000000;30;9586049127;B
20240212;100008;163.460000000;10;9586049131;B
20240212;100008;163.460000000;10;9586049134;B
20240212;100008;163.410000000;10;9586049138;S
20240212;100008;163.460000000;10;9586049141;B
20240212;100008;163.460000000;10;9586049145;B
20240212;100008;163.460000000;10;9586049147;B
20240212;100008;163.460000000;10;9586049158;B
20240212;100008;163.460000000;10;9586049161;B
20240212;100008;163.460000000;10;9586049168;B
20240212;100008;163.410000000;10;9586049173;S
20240212;100008;163.460000000;10;9586049180;B
20240212;100008;163.410000000;10;9586049185;S
20240212;100008;163.460000000;10;9586049196;B
20240212;100008;163.460000000;10;9586049201;B
20240212;100008;163.410000000;20;9586049211;S
20240212;100008;163.460000000;10;9586049219;B
20240212;100008;163.460000000;10;9586049228;B
20240212;100008;163.410000000;50;9586049239;S
20240212;100008;163.460000000;10;9586049262;B
20240212;100008;163.460000000;10;9586049328;B
20240212;100008;163.460000000;10;9586049712;B
20240212;100008;163.460000000;10;9586049725;B
20240212;100008;163.410000000;20;9586049747;S
20240212;100008;163.460000000;10;9586049757;B
20240212;100008;163.460000000;10;9586049767;B
20240212;100008;163.460000000;10;9586049772;B
20240212;100008;163.460000000;10;9586049782;B
20240212;100008;163.460000000;10;9586049785;B
20240212;100008;163.460000000;10;9586049791;B
20240212;100008;163.410000000;10;9586049806;S
20240212;100008;163.460000000;10;9586049811;B
20240212;100008;163.460000000;10;9586049816;B
20240212;100008;163.460000000;30;9586049818;B
20240212;100008;163.460000000;10;9586049827;B
20240212;100008;163.460000000;10;9586049833;B
20240212;100008;163.460000000;20;9586049837;B
20240212;100008;163.460000000;10;9586049840;B
20240212;100008;163.460000000;10;9586049848;B
20240212;100008;163.460000000;10;9586049850;B
20240212;100008;163.460000000;10;9586049857;B
20240212;100008;163.460000000;10;9586049859;B
20240212;100008;163.460000000;10;9586049868;B
20240212;100008;163.460000000;10;9586049875;B
20240212;100008;163.410000000;10;9586049877;S
20240212;100008;163.460000000;10;9586049886;B
20240212;100008;163.410000000;100;9586049889;S
20240212;100008;163.410000000;330;9586049890;S
20240212;100008;163.460000000;10;9586049896;B
20240212;100008;163.460000000;10;9586049898;B
20240212;100008;163.460000000;40;9586049906;B
20240212;100008;163.470000000;60;9586049907;B
20240212;100008;163.460000000;10;9586049920;B
20240212;100008;163.410000000;10;9586049938;S
20240212;100008;163.460000000;10;9586049955;B
20240212;100008;163.460000000;10;9586049961;B
20240212;100008;163.460000000;10;9586049966;B
20240212;100008;163.460000000;10;9586049976;B
20240212;100008;163.460000000;10;9586049988;B
20240212;100008;163.460000000;20;9586049990;B
20240212;100008;163.460000000;10;9586049998;B
20240212;100008;163.460000000;10;9586050008;B
20240212;100008;163.460000000;10;9586050013;B
20240212;100008;163.410000000;10;9586050016;S
20240212;100008;163.410000000;10;9586050021;S
20240212;100008;163.460000000;10;9586050024;B
20240212;100008;163.410000000;30;9586050037;S
20240212;100008;163.460000000;10;9586050038;B
20240212;100008;163.460000000;10;9586050043;B
20240212;100008;163.460000000;10;9586050047;B
20240212;100008;163.460000000;10;9586050060;B
20240212;100008;163.460000000;40;9586050069;B
20240212;100008;163.410000000;10;9586050084;S
20240212;100008;163.410000000;10;9586050089;S
20240212;100008;163.460000000;10;9586050106;B
20240212;100008;163.410000000;20;9586050115;S
20240212;100008;163.460000000;10;9586050125;B
20240212;100008;163.460000000;10;9586050133;B
20240212;100008;163.460000000;10;9586050139;B
20240212;100008;163.460000000;10;9586050145;B
20240212;100008;163.460000000;10;9586050168;B
20240212;100008;163.460000000;10;9586050178;B
20240212;100008;163.460000000;10;9586050185;B
20240212;100008;163.410000000;10;9586050191;S
20240212;100008;163.460000000;10;9586050210;B
20240212;100008;163.460000000;10;9586050213;B
20240212;100008;163.460000000;10;9586050224;B
20240212;100008;163.410000000;60;9586050232;S
20240212;100008;163.410000000;10;9586050240;S
20240212;100008;163.410000000;20;9586050251;S
20240212;100008;163.460000000;10;9586050283;B
20240212;100008;163.460000000;10;9586050626;B
20240212;100008;163.410000000;10;9586050630;S
20240212;100008;163.410000000;10;9586050636;S
20240212;100008;163.460000000;10;9586050641;B
20240212;100008;163.460000000;10;9586050650;B
20240212;100008;163.460000000;10;9586050656;B
20240212;100008;163.460000000;20;9586050661;B
20240212;100008;163.460000000;10;9586050671;B
20240212;100008;163.410000000;10;9586050675;S
20240212;100008;163.410000000;10;9586050682;S
20240212;100008;163.460000000;10;9586050687;B
20240212;100008;163.460000000;10;9586050691;B
20240212;100008;163.410000000;10;9586050697;S
20240212;100008;163.460000000;30;9586050703;B
20240212;100008;163.470000000;30;9586050704;B
20240212;100008;163.460000000;10;9586050712;B
20240212;100009;163.410000000;20;9586051463;S
20240212;100009;163.460000000;10;9586051783;B
20240212;100009;163.410000000;10;9586051821;S
20240212;100009;163.460000000;20;9586051834;B
20240212;100009;163.460000000;10;9586051844;B
20240212;100009;163.460000000;10;9586051857;B
20240212;100009;163.460000000;10;9586051869;B
20240212;100009;163.460000000;10;9586051874;B
20240212;100009;163.460000000;10;9586051878;B
20240212;100009;163.460000000;10;9586051889;B
20240212;100009;163.410000000;10;9586051896;S
20240212;100009;163.460000000;10;9586051901;B
20240212;100009;163.460000000;10;9586051905;B
20240212;100009;163.460000000;10;9586051913;B
20240212;100009;163.460000000;10;9586051916;B
20240212;100009;163.460000000;10;9586051929;B
20240212;100009;163.460000000;10;9586051938;B
20240212;100009;163.410000000;10;9586052013;S
20240212;100009;163.460000000;10;9586052031;B
20240212;100009;163.460000000;10;9586052042;B
20240212;100009;163.460000000;10;9586052051;B
20240212;100009;163.460000000;10;9586052066;B
20240212;100009;163.460000000;10;9586052088;B
20240212;100009;163.460000000;10;9586052097;B
20240212;100009;163.460000000;40;9586052104;B
20240212;100009;163.400000000;200;9586052126;S
20240212;100009;163.460000000;10;9586052136;B
20240212;100009;163.460000000;10;9586052146;B
20240212;100009;163.460000000;10;9586052364;B
20240212;100009;163.460000000;10;9586052366;B
20240212;100009;163.460000000;10;9586052367;B
20240212;100009;163.460000000;10;9586052368;B
20240212;100009;163.390000000;70;9586052370;S
20240212;100009;163.460000000;40;9586052371;B
20240212;100009;163.390000000;10;9586052375;S
20240212;100009;163.390000000;10;9586052378;S
20240212;100009;163.460000000;10;9586052379;B
20240212;100009;163.390000000;10;9586052387;S
20240212;100009;163.460000000;10;9586052391;B
20240212;100009;163.460000000;10;9586052393;B
20240212;100009;163.460000000;10;9586052394;B
20240212;100009;163.460000000;10;9586052399;B
20240212;100009;163.460000000;60;9586052400;B
20240212;100009;163.460000000;10;9586052401;B
20240212;100009;163.460000000;10;9586052403;B
20240212;100009;163.460000000;100;9586052412;B
20240212;100009;163.460000000;10;9586052413;B
20240212;100009;163.460000000;10;9586052416;B
20240212;100009;163.400000000;10;9586052418;S
20240212;100009;163.460000000;10;9586052422;B
20240212;100009;163.460000000;10;9586052425;B
20240212;100009;163.460000000;10;9586052426;B
20240212;100009;163.460000000;10;9586052427;B
20240212;100009;163.460000000;10;9586052428;B
20240212;100009;163.400000000;10;9586052429;S
20240212;100009;163.460000000;10;9586052440;B
20240212;100009;163.400000000;30;9586052466;S
20240212;100009;163.460000000;10;9586052467;B
20240212;100009;163.400000000;10;9586052616;S
20240212;100010;163.460000000;30;9586052920;B
20240212;100010;163.460000000;70;9586052921;B
20240212;100010;163.460000000;30;9586053151;B
20240212;100010;163.460000000;10;9586053171;B
20240212;100010;163.390000000;250;9586053218;S
20240212;100010;163.390000000;200;9586053416;S
20240212;100010;163.390000000;10;9586053418;S
20240212;100010;163.460000000;10;9586053419;B
20240212;100010;163.460000000;20;9586053420;B
20240212;100010;163.460000000;10;9586053423;B
20240212;100010;163.390000000;310;9586053424;S
20240212;100010;163.390000000;20;9586053426;S
20240212;100010;163.460000000;10;9586053427;B
20240212;100010;163.460000000;20;9586053428;B
20240212;100010;163.460000000;10;9586053430;B
20240212;100010;163.460000000;10;9586053431;B
20240212;100010;163.460000000;10;9586053433;B
20240212;100010;163.460000000;10;9586053434;B
20240212;100010;163.390000000;10;9586053437;S
20240212;100010;163.460000000;10;9586053438;B
20240212;100010;163.460000000;10;9586053439;B
20240212;100010;163.460000000;10;9586053440;B
20240212;100010;163.460000000;10;9586053441;B
20240212;100010;163.460000000;10;9586053442;B
20240212;100010;163.460000000;10;9586053443;B
20240212;100010;163.460000000;30;9586053445;B
20240212;100010;163.460000000;10;9586053733;B
20240212;100010;163.460000000;300;9586053745;B
20240212;100010;163.460000000;50;9586053746;B
20240212;100010;163.460000000;50;9586053747;B
20240212;100010;163.460000000;10;9586053758;B
20240212;100010;163.460000000;10;9586053760;B
20240212;100010;163.460000000;10;9586053763;B
20240212;100010;163.460000000;10;9586053766;B
20240212;100010;163.390000000;10;9586053767;S
20240212;100010;163.390000000;10;9586053768;S
20240212;100010;163.460000000;10;9586053770;B
20240212;100010;163.460000000;10;9586053771;B
20240212;100010;163.460000000;10;9586053773;B
20240212;100010;163.460000000;10;9586053774;B
20240212;100010;163.460000000;10;9586053776;B
20240212;100010;163.460000000;20;9586053777;B
20240212;100010;163.400000000;20;9586053780;S
20240212;100010;163.460000000;10;9586053781;B
20240212;100010;163.460000000;10;9586053784;B
20240212;100010;163.460000000;10;9586053786;B
20240212;100010;163.460000000;10;9586053787;B
20240212;100010;163.460000000;10;9586053791;B
20240212;100010;163.460000000;10;9586053799;B
20240212;100010;163.460000000;10;9586053810;B
20240212;100010;163.460000000;10;9586053815;B
20240212;100010;163.400000000;10;9586053820;S
20240212;100010;163.460000000;10;9586053821;B
20240212;100010;163.460000000;10;9586053825;B
20240212;100010;163.460000000;10;9586053834;B
20240212;100010;163.460000000;10;9586053873;B
20240212;100010;163.400000000;90;9586053876;S
20240212;100010;163.460000000;10;9586054321;B
20240212;100010;163.390000000;10;9586054323;S
20240212;100010;163.390000000;10;9586054325;S
20240212;100010;163.390000000;10;9586054332;S
20240212;100010;163.390000000;50;9586054335;S
20240212;100010;163.390000000;10;9586054342;S
20240212;100010;163.390000000;10;9586054346;S
20240212;100010;163.390000000;10;9586054349;S
20240212;100010;163.460000000;10;9586054351;B
20240212;100010;163.460000000;160;9586054354;B
20240212;100010;163.460000000;300;9586054355;B
20240212;100010;163.470000000;940;9586054356;B
20240212;100010;163.460000000;30;9586054359;B
20240212;100010;163.460000000;10;9586054362;B
20240212;100010;163.460000000;10;9586054363;B
20240212;100010;163.460000000;10;9586054366;B
20240212;100010;163.460000000;10;9586054370;B
20240212;100010;163.460000000;10;9586054374;B
20240212;100010;163.460000000;10;9586054376;B
20240212;100010;163.400000000;60;9586054378;S
20240212;100010;163.400000000;10;9586054380;S
20240212;100010;163.460000000;10;9586054384;B
20240212;100010;163.400000000;10;9586054386;S
20240212;100010;163.460000000;10;9586054388;B
20240212;100010;163.460000000;20;9586054390;B
20240212;100010;163.460000000;20;9586054394;B
20240212;100010;163.460000000;10;9586054396;B
20240212;100010;163.460000000;10;9586054398;B
20240212;100010;163.400000000;10;9586054400;S
20240212;100010;163.460000000;10;9586054402;B
20240212;100010;163.460000000;10;9586054404;B
20240212;100010;163.460000000;10;9586054407;B
20240212;100010;163.400000000;10;9586054408;S
20240212;100011;163.460000000;20;9586054723;B
20240212;100011;163.460000000;240;9586054724;B
20240212;100011;163.450000000;480;9586054826;B
20240212;100011;163.450000000;10;9586054921;B
20240212;100011;163.400000000;30;9586055136;S
20240212;100011;163.450000000;10;9586055178;B
20240212;100011;163.450000000;10;9586055218;B
20240212;100011;163.450000000;10;9586055219;B
20240212;100011;163.450000000;10;9586055220;B
20240212;100011;163.450000000;10;9586055221;B
20240212;100011;163.400000000;10;9586055222;S
20240212;100011;163.390000000;20;9586055224;S
20240212;100011;163.450000000;10;9586055226;B
20240212;100011;163.450000000;10;9586055227;B
20240212;100011;163.450000000;100;9586055228;B
20240212;100011;163.450000000;10;9586055229;B
20240212;100011;163.450000000;10;9586055230;B
20240212;100011;163.400000000;100;9586055232;S
20240212;100011;163.450000000;30;9586055233;B
20240212;100011;163.450000000;10;9586055234;B
20240212;100011;163.450000000;380;9586055240;B
20240212;100011;163.450000000;10;9586055241;B
20240212;100011;163.450000000;10;9586055256;B
20240212;100011;163.450000000;10;9586055257;B
20240212;100011;163.400000000;10;9586055261;S
20240212;100011;163.400000000;90;9586055262;S
20240212;100011;163.450000000;10;9586055263;B
20240212;100011;163.400000000;30;9586055268;S
20240212;100011;163.450000000;90;9586055434;B
20240212;100011;163.450000000;20;9586055642;B
20240212;100011;163.400000000;90;9586055654;S
20240212;100011;163.450000000;20;9586055657;B
20240212;100011;163.450000000;50;9586055666;B
20240212;100011;163.400000000;420;9586055752;S
20240212;100011;163.400000000;320;9586055791;S
20240212;100012;163.390000000;20;9586056026;S
20240212;100013;163.390000000;10;9586056279;S
20240212;100013;163.450000000;10;9586056307;B
20240212;100013;163.450000000;10;9586056352;B
20240212;100013;163.450000000;20;9586056428;B
20240212;100013;163.450000000;5690;9586056476;B
20240212;100013;163.450000000;220;9586056477;B
20240212;100013;163.460000000;220;9586056478;B
20240212;100013;163.460000000;240;9586056479;B
20240212;100013;163.470000000;1540;9586056480;B
20240212;100013;163.470000000;220;9586056481;B
20240212;100013;163.470000000;1000;9586056482;B
20240212;100013;163.470000000;870;9586056483;B
20240212;100014;163.440000000;10;9586056766;B
20240212;100015;163.410000000;130;9586056965;S
20240212;100016;163.410000000;10;9586057206;S
20240212;100016;163.440000000;4400;9586057236;B
20240212;100017;163.440000000;10;9586057531;B
20240212;100017;163.440000000;140;9586057634;B
20240212;100018;163.420000000;10;9586057750;S
20240212;100019;163.410000000;10;9586057969;S
20240212;100020;163.440000000;30;9586058166;B
20240212;100020;163.440000000;200;9586058203;B
20240212;100020;163.440000000;1880;9586058259;B
20240212;100020;163.410000000;10;9586058297;S
20240212;100020;163.410000000;10;9586058346;S
20240212;100020;163.420000000;300;9586058368;S
20240212;100021;163.410000000;10;9586058476;S
20240212;100023;163.460000000;10;9586059011;B
20240212;100023;163.470000000;10;9586059080;B
20240212;100025;163.470000000;10;9586059391;B
20240212;100025;163.420000000;340;9586059393;S
20240212;100025;163.420000000;110;9586059394;S
20240212;100025;163.420000000;10;9586059420;S
20240212;100025;163.470000000;70;9586059580;B
20240212;100027;163.470000000;60;9586060005;B
20240212;100027;163.470000000;10;9586060068;B
20240212;100027;163.420000000;130;9586060121;S
20240212;100027;163.420000000;10;9586060127;S
20240212;100027;163.470000000;20;9586060172;B
20240212;100029;163.470000000;40;9586060431;B
20240212;100029;163.470000000;1000;9586060432;B
20240212;100029;163.470000000;300;9586060433;B
20240212;100029;163.470000000;100;9586060434;B
20240212;100029;163.480000000;220;9586060435;B
20240212;100029;163.480000000;8000;9586060436;B
20240212;100029;163.480000000;340;9586060437;B
20240212;100029;163.470000000;10;9586060470;B
20240212;100029;163.420000000;90;9586060484;S
20240212;100029;163.470000000;10;9586060560;B
20240212;100029;163.480000000;10;9586060620;B
20240212;100030;163.420000000;50;9586060733;S
20240212;100031;163.470000000;10;9586061412;B
20240212;100031;163.470000000;10;9586061477;B
20240212;100035;163.420000000;10;9586062140;S
20240212;100035;163.420000000;50;9586062236;S
20240212;100035;163.460000000;10;9586062289;B
20240212;100036;163.460000000;20;9586062304;B
20240212;100036;163.460000000;2000;9586062481;B
20240212;100037;163.460000000;10;9586062587;B
20240212;100037;163.420000000;30;9586062658;S
20240212;100038;163.460000000;200;9586062740;B
20240212;100039;163.460000000;60;9586062952;B
20240212;100039;163.460000000;10;9586062962;B
20240212;100040;163.460000000;240;9586063203;B
20240212;100040;163.420000000;10;9586063226;S
20240212;100042;163.450000000;10;9586063748;B
20240212;100042;163.450000000;20;9586063805;B
20240212;100042;163.450000000;20;9586063808;B
20240212;100043;163.450000000;10;9586063898;B
20240212;100043;163.450000000;40;9586063952;B
20240212;100043;163.450000000;10;9586064048;B
20240212;100043;163.420000000;180;9586064053;S
20240212;100044;163.450000000;110;9586064075;B
20240212;100044;163.460000000;290;9586064076;B
20240212;100044;163.430000000;10;9586064130;S
20240212;100044;163.450000000;220;9586064145;B
20240212;100044;163.460000000;1900;9586064146;B
20240212;100044;163.460000000;220;9586064147;B
20240212;100044;163.470000000;220;9586064148;B
20240212;100044;163.470000000;9890;9586064149;B
20240212;100044;163.470000000;10;9586064150;B
20240212;100044;163.470000000;200;9586064151;B
20240212;100044;163.470000000;300;9586064152;B
20240212;100044;163.480000000;5490;9586064153;B
20240212;100044;163.480000000;220;9586064154;B
20240212;100044;163.480000000;10;9586064155;B
20240212;100044;163.490000000;5000;9586064156;B
20240212;100044;163.490000000;220;9586064157;B
20240212;100044;163.490000000;1000;9586064158;B
20240212;100044;163.490000000;100;9586064159;B
20240212;100044;163.490000000;2000;9586064160;B
20240212;100044;163.490000000;220;9586064271;B
20240212;100044;163.490000000;280;9586064272;B
20240212;100045;163.430000000;100;9586064374;S
20240212;100045;163.430000000;200;9586064404;S
20240212;100045;163.490000000;20;9586064462;B
20240212;100045;163.490000000;80;9586064463;B
20240212;100045;163.470000000;10;9586064497;S
20240212;100045;163.430000000;660;9586064498;S
20240212;100045;163.490000000;10;9586064501;B
20240212;100047;163.430000000;370;9586064850;S
20240212;100048;163.490000000;100;9586065130;B
20240212;100048;163.490000000;30;9586065135;B
20240212;100048;163.490000000;30;9586065136;B
20240212;100048;163.470000000;10;9586065281;S
20240212;100048;163.460000000;300;9586065283;B
20240212;100048;163.470000000;250;9586065284;B
20240212;100048;163.430000000;400;9586065285;S
20240212;100048;163.430000000;800;9586065286;S
20240212;100048;163.430000000;270;9586065287;S
20240212;100048;163.420000000;650;9586065288;S
20240212;100048;163.420000000;100;9586065289;S
20240212;100048;163.430000000;50;9586065334;B
20240212;100048;163.420000000;10;9586065356;S
20240212;100049;163.420000000;290;9586065373;S
20240212;100049;163.420000000;30;9586065374;S
20240212;100049;163.420000000;100;9586065375;S
20240212;100050;163.410000000;250;9586065626;S
20240212;100050;163.410000000;300;9586065627;S
20240212;100050;163.410000000;90;9586065757;S
20240212;100051;163.420000000;10;9586065886;B
20240212;100052;163.410000000;10;9586066179;S
20240212;100052;163.410000000;1000;9586066181;S
20240212;100053;163.420000000;10;9586066246;B
20240212;100053;163.420000000;30;9586066285;B
20240212;100054;163.410000000;160;9586066419;S
20240212;100054;163.420000000;10;9586066479;B
20240212;100054;163.420000000;500;9586066518;B
20240212;100055;163.420000000;20;9586066597;B
20240212;100055;163.410000000;10;9586066668;S
20240212;100055;163.410000000;100;9586066685;S
20240212;100055;163.420000000;20;9586066728;B
20240212;100056;163.420000000;10;9586066928;B
20240212;100056;163.410000000;10;9586067002;S
20240212;100056;163.410000000;10;9586067021;S
20240212;100057;163.410000000;60;9586067136;S
20240212;100057;163.410000000;30;9586067137;S
20240212;100057;163.410000000;70;9586067186;S
20240212;100057;163.420000000;20;9586067213;B
20240212;100058;163.420000000;10;9586067336;B
20240212;100059;163.420000000;10;9586067453;B
20240212;100059;163.420000000;10;9586067468;B
20240212;100059;163.420000000;340;9586067597;B
20240212;100100;163.450000000;220;9586067639;B
20240212;100100;163.460000000;220;9586067640;B
20240212;100100;163.460000000;60;9586067641;B
20240212;100100;163.470000000;220;9586067642;B
20240212;100100;163.480000000;220;9586067643;B
20240212;100100;163.480000000;2360;9586067644;B
20240212;100100;163.470000000;10;9586067667;B
20240212;100100;163.430000000;1840;9586067817;S
20240212;100100;163.420000000;1660;9586067818;S
20240212;100100;163.410000000;300;9586067819;S
20240212;100100;163.400000000;2000;9586067820;S
20240212;100100;163.400000000;10;9586067821;S
20240212;100100;163.400000000;250;9586067822;S
20240212;100100;163.390000000;10;9586067823;S
20240212;100100;163.390000000;2000;9586067824;S
20240212;100100;163.380000000;1220;9586067825;S
20240212;100100;163.380000000;220;9586067826;S
20240212;100100;163.370000000;2710;9586067827;S
20240212;100100;163.370000000;2780;9586067828;S
20240212;100101;163.370000000;70;9586067874;S
20240212;100101;163.370000000;200;9586067895;S
20240212;100101;163.410000000;300;9586067913;B
20240212;100102;163.390000000;300;9586068221;B
20240212;100102;163.400000000;270;9586068222;B
20240212;100102;163.410000000;2140;9586068223;B
20240212;100102;163.410000000;210;9586068224;B
20240212;100102;163.420000000;80;9586068225;S
20240212;100103;163.370000000;10;9586068356;B
20240212;100104;163.370000000;10;9586068530;B
20240212;100104;163.370000000;10;9586068555;B
20240212;100104;163.370000000;10;9586068605;B
20240212;100106;163.370000000;120;9586068774;B
20240212;100106;163.360000000;40;9586068842;S
20240212;100106;163.360000000;90;9586068843;S
20240212;100106;163.370000000;10;9586068872;B
20240212;100107;163.370000000;50;9586069052;B
20240212;100107;163.370000000;200;9586069053;B
20240212;100107;163.370000000;200;9586069054;B
20240212;100107;163.370000000;300;9586069055;B
20240212;100107;163.410000000;100;9586069056;S
20240212;100107;163.410000000;50;9586069057;S
20240212;100108;163.410000000;610;9586069243;B
20240212;100110;163.410000000;10;9586069625;B
20240212;100110;163.350000000;100;9586069626;S
20240212;100112;163.360000000;2000;9586069834;B
20240212;100112;163.360000000;50;9586069945;S
20240212;100112;163.380000000;10;9586069948;B
20240212;100113;163.380000000;10;9586070037;B
20240212;100116;163.380000000;10;9586070596;B
20240212;100120;163.370000000;10;9586071110;B
20240212;100120;163.340000000;20;9586071137;S
20240212;100120;163.370000000;30;9586071148;B
20240212;100121;163.360000000;200;9586071204;S
20240212;100121;163.370000000;20;9586071262;B
20240212;100122;163.370000000;230;9586071345;B
20240212;100122;163.360000000;140;9586071448;S
20240212;100123;163.360000000;450;9586071524;S
20240212;100123;163.370000000;20;9586071534;B
20240212;100123;163.370000000;50;9586071557;B
20240212;100124;163.370000000;260;9586071740;B
20240212;100124;163.380000000;30;9586071741;B
20240212;100124;163.410000000;10;9586071742;B
20240212;100125;163.370000000;10;9586071885;S
20240212;100126;163.410000000;50;9586072223;B
20240212;100126;163.420000000;140;9586072224;B
20240212;100126;163.430000000;300;9586072225;B
20240212;100126;163.450000000;220;9586072226;B
20240212;100126;163.460000000;220;9586072227;B
20240212;100126;163.460000000;2780;9586072228;B
20240212;100126;163.460000000;1290;9586072229;B
20240212;100128;163.470000000;10;9586072619;B
20240212;100129;163.420000000;300;9586072791;S
20240212;100129;163.480000000;100;9586072818;B
20240212;100129;163.420000000;1540;9586072892;S
20240212;100129;163.420000000;300;9586072893;S
20240212;100129;163.410000000;2140;9586072894;S
20240212;100129;163.410000000;120;9586072895;S
20240212;100129;163.480000000;10;9586072926;B
20240212;100130;163.420000000;60;9586072970;S
20240212;100130;163.420000000;190;9586073003;S
20240212;100132;163.470000000;770;9586073468;B
20240212;100133;163.480000000;1310;9586073534;B
20240212;100133;163.480000000;20;9586073622;B
20240212;100135;163.480000000;30;9586074208;B
20240212;100135;163.470000000;4730;9586074276;S
20240212;100136;163.470000000;10;9586074280;B
20240212;100136;163.470000000;20;9586074445;B
20240212;100136;163.470000000;10;9586074464;B
20240212;100136;163.470000000;20;9586074466;B
20240212;100137;163.470000000;160;9586074532;B
20240212;100137;163.480000000;2340;9586074533;B
20240212;100138;163.430000000;300;9586074674;S
20240212;100138;163.420000000;1590;9586074675;S
20240212;100138;163.420000000;1110;9586074676;S
20240212;100139;163.430000000;180;9586074940;S
20240212;100139;163.450000000;10;9586074949;B
20240212;100139;163.480000000;140;9586074950;B
20240212;100141;163.450000000;10;9586075523;S
20240212;100142;163.480000000;10;9586075555;B
20240212;100142;163.480000000;10;9586075584;B
20240212;100143;163.440000000;300;9586075769;S
20240212;100143;163.430000000;270;9586075770;S
20240212;100144;163.430000000;200;9586075940;S
20240212;100144;163.430000000;100;9586075970;S
20240212;100144;163.420000000;1210;9586075971;S
20240212;100144;163.450000000;20;9586075984;B
20240212;100145;163.470000000;150;9586076232;B
20240212;100145;163.470000000;30;9586076247;B
20240212;100145;163.470000000;100;9586076259;B
20240212;100146;163.470000000;30;9586076295;B
20240212;100147;163.470000000;340;9586076561;B
20240212;100147;163.470000000;30;9586076589;B
20240212;100148;163.460000000;30;9586076617;S
20240212;100148;163.470000000;50;9586076727;B
20240212;100148;163.460000000;30;9586076769;S
20240212;100149;163.470000000;30;9586076875;B
20240212;100149;163.460000000;30;9586076880;S
20240212;100149;163.460000000;50;9586077067;S
20240212;100150;163.470000000;150;9586077118;B
20240212;100150;163.470000000;10;9586077270;B
20240212;100152;163.470000000;2000;9586077660;B
20240212;100153;163.460000000;20;9586077763;S
20240212;100155;163.460000000;50;9586078028;S
20240212;100156;163.480000000;10;9586078176;B
20240212;100156;163.480000000;30;9586078284;B
20240212;100157;163.480000000;40;9586078477;B
20240212;100159;163.480000000;30;9586078844;B
20240212;100200;163.470000000;220;9586078918;S
20240212;100200;163.480000000;60;9586079060;B
20240212;100201;163.470000000;120;9586079282;S
20240212;100202;163.480000000;20;9586079318;B
20240212;100202;163.480000000;10;9586079352;B
20240212;100204;163.480000000;1200;9586079718;B
20240212;100204;163.470000000;10;9586079829;S
20240212;100204;163.470000000;20;9586079830;S
20240212;100205;163.470000000;60;9586079862;S
20240212;100205;163.470000000;40;9586079955;S
20240212;100205;163.470000000;150;9586079956;S
20240212;100205;163.470000000;10;9586079957;S
20240212;100205;163.470000000;3230;9586079958;S
20240212;100205;163.470000000;40;9586079999;S
20240212;100205;163.470000000;400;9586080054;S
20240212;100207;163.480000000;420;9586080673;B
20240212;100207;163.480000000;100;9586080674;B
20240212;100208;163.490000000;300;9586080740;B
20240212;100208;163.490000000;300;9586080741;B
20240212;100208;163.490000000;1630;9586080742;B
20240212;100208;163.470000000;120;9586080798;S
20240212;100209;163.490000000;10;9586080904;B
20240212;100209;163.490000000;1110;9586080973;B
20240212;100210;163.490000000;10;9586081070;B
20240212;100210;163.490000000;30;9586081122;B
20240212;100211;163.490000000;50;9586081175;B
20240212;100212;163.470000000;10;9586081377;S
20240212;100212;163.490000000;10;9586081431;B
20240212;100212;163.470000000;50;9586081477;S
20240212;100212;163.490000000;10;9586081480;B
20240212;100213;163.490000000;1950;9586081649;B
20240212;100213;163.490000000;240;9586081650;B
20240212;100213;163.500000000;7810;9586081651;B
20240212;100215;163.490000000;30;9586082183;B
20240212;100216;163.470000000;1150;9586082350;S
20240212;100216;163.470000000;270;9586082351;S
20240212;100216;163.470000000;50;9586082352;S
20240212;100216;163.440000000;30;9586082353;S
20240212;100217;163.480000000;10;9586082552;S
20240212;100217;163.440000000;480;9586082553;S
20240212;100217;163.430000000;60;9586082554;S
20240212;100217;163.430000000;790;9586082555;S
20240212;100217;163.480000000;10;9586082588;S
20240212;100217;163.480000000;7050;9586082615;S
20240212;100217;163.480000000;6220;9586082617;S
20240212;100217;163.470000000;10;9586082624;B
20240212;100218;163.460000000;10;9586083026;B
20240212;100219;163.460000000;100;9586083233;B
20240212;100219;163.460000000;110;9586083268;B
20240212;100219;163.470000000;100;9586083269;B
20240212;100219;163.470000000;220;9586083270;B
20240212;100219;163.480000000;70;9586083271;B
20240212;100220;163.470000000;230;9586083306;B
20240212;100220;163.470000000;190;9586083307;B
20240212;100220;163.470000000;10;9586083376;B
20240212;100221;163.440000000;40;9586083591;B
20240212;100221;163.430000000;1090;9586083640;S
20240212;100222;163.460000000;10;9586083816;B
20240212;100223;163.460000000;500;9586084006;B
20240212;100225;163.430000000;10;9586084246;S
20240212;100225;163.470000000;10;9586084248;B
20240212;100227;163.470000000;100;9586084608;B
20240212;100228;163.430000000;100;9586084662;S
20240212;100228;163.430000000;110;9586084762;S
20240212;100230;163.470000000;10;9586085073;B
20240212;100231;163.470000000;80;9586085164;B
20240212;100232;163.430000000;220;9586085366;S
20240212;100232;163.470000000;780;9586085429;B
20240212;100232;163.470000000;300;9586085430;B
20240212;100232;163.480000000;10;9586085431;B
20240212;100232;163.480000000;830;9586085432;B
20240212;100232;163.490000000;1000;9586085433;B
20240212;100232;163.480000000;300;9586085512;B
20240212;100232;163.490000000;300;9586085513;B
20240212;100233;163.480000000;20;9586085544;B
20240212;100236;163.480000000;10;9586086096;B
20240212;100236;163.480000000;290;9586086167;B
20240212;100236;163.490000000;1000;9586086168;B
20240212;100236;163.490000000;500;9586086169;B
20240212;100236;163.490000000;100;9586086170;B
20240212;100236;163.490000000;110;9586086171;B
20240212;100237;163.490000000;40;9586086276;B
20240212;100238;163.480000000;2000;9586086394;S
20240212;100238;163.470000000;10;9586086403;S
20240212;100238;163.470000000;50;9586086404;S
20240212;100239;163.470000000;190;9586086521;S
20240212;100239;163.470000000;20;9586086522;S
20240212;100239;163.470000000;10;9586086687;B
20240212;100240;163.440000000;300;9586086725;S
20240212;100240;163.430000000;1560;9586086726;S
20240212;100240;163.470000000;50;9586086730;B
20240212;100241;163.470000000;30;9586086965;B
20240212;100242;163.470000000;10;9586086993;B
20240212;100243;163.470000000;990;9586087398;B
20240212;100243;163.480000000;8300;9586087399;B
20240212;100243;163.490000000;1840;9586087400;B
20240212;100243;163.490000000;2140;9586087401;B
20240212;100243;163.500000000;2190;9586087402;B
20240212;100243;163.500000000;10;9586087403;B
20240212;100243;163.500000000;50;9586087404;B
20240212;100243;163.500000000;33710;9586087405;B
20240212;100243;163.500000000;770;9586087406;B
20240212;100245;163.470000000;10;9586087745;B
20240212;100245;163.470000000;40;9586087784;B
20240212;100246;163.470000000;50;9586087903;B
20240212;100246;163.480000000;50;9586087904;B
20240212;100246;163.480000000;10;9586087969;B
20240212;100247;163.480000000;10;9586088020;B
20240212;100248;163.480000000;50;9586088504;B
20240212;100250;163.440000000;10;9586089256;S
20240212;100250;163.430000000;30;9586089257;S
20240212;100251;163.460000000;10;9586089454;B
20240212;100252;163.460000000;10;9586089641;B
20240212;100253;163.460000000;1530;9586089758;B
20240212;100254;163.470000000;50;9586090023;B
20240212;100254;163.470000000;40;9586090162;B
20240212;100255;163.470000000;200;9586090340;B
20240212;100256;163.440000000;240;9586090512;S
20240212;100256;163.440000000;300;9586090513;S
20240212;100256;163.430000000;10;9586090514;S
20240212;100256;163.430000000;100;9586090515;S
20240212;100256;163.430000000;20;9586090516;S
20240212;100256;163.430000000;110;9586090517;S
20240212;100256;163.430000000;10;9586090518;S
20240212;100256;163.430000000;10;9586090519;S
20240212;100256;163.430000000;200;9586090520;S
20240212;100256;163.430000000;10;9586090550;S
20240212;100257;163.470000000;210;9586090739;B
20240212;100258;163.470000000;20;9586090803;B
20240212;100300;163.430000000;90;9586091207;S
20240212;100303;163.430000000;20;9586091786;S
20240212;100303;163.430000000;50;9586091792;S
20240212;100304;163.430000000;10;9586091988;S
20240212;100304;163.440000000;10;9586091990;B
20240212;100305;163.440000000;100;9586092137;B
20240212;100305;163.430000000;140;9586092157;S
20240212;100306;163.440000000;10;9586092299;B
20240212;100306;163.440000000;40;9586092400;B
20240212;100307;163.460000000;10;9586092614;B
20240212;100308;163.470000000;620;9586092982;B
20240212;100309;163.470000000;4000;9586093201;B
20240212;100311;163.460000000;180;9586093561;S
20240212;100311;163.450000000;960;9586093562;S
20240212;100311;163.450000000;330;9586093563;S
20240212;100311;163.430000000;480;9586093564;S
20240212;100311;163.430000000;1040;9586093565;S
20240212;100311;163.430000000;820;9586093566;S
20240212;100311;163.430000000;10;9586093567;S
20240212;100311;163.420000000;10;9586093568;S
20240212;100311;163.420000000;10;9586093569;S
20240212;100311;163.420000000;500;9586093570;S
20240212;100311;163.420000000;1560;9586093571;S
20240212;100311;163.420000000;300;9586093572;S
20240212;100311;163.420000000;1840;9586093573;S
20240212;100311;163.420000000;300;9586093574;B
20240212;100311;163.420000000;3050;9586093594;B
20240212;100311;163.420000000;230;9586093636;B
20240212;100312;163.420000000;10;9586093838;B
20240212;100312;163.420000000;20;9586093901;B
20240212;100312;163.420000000;20;9586093902;B
20240212;100313;163.420000000;110;9586093943;B
20240212;100315;163.420000000;20;9586094306;B
20240212;100315;163.420000000;1770;9586094367;B
20240212;100315;163.420000000;10;9586094392;B
20240212;100315;163.420000000;100;9586094468;B
20240212;100316;163.410000000;5380;9586094735;S
20240212;100316;163.410000000;20;9586094736;S
20240212;100316;163.410000000;10;9586094737;S
20240212;100316;163.410000000;100;9586094738;S
20240212;100316;163.410000000;1840;9586094739;S
20240212;100316;163.410000000;300;9586094740;S
20240212;100316;163.400000000;70;9586094741;S
20240212;100316;163.400000000;10000;9586094742;S
20240212;100316;163.400000000;10;9586094743;S
20240212;100316;163.400000000;2880;9586094744;S
20240212;100316;163.400000000;10;9586094745;S
20240212;100316;163.400000000;120;9586094746;S
20240212;100316;163.400000000;10;9586094747;S
20240212;100316;163.400000000;100;9586094748;S
20240212;100316;163.400000000;370;9586094749;S
20240212;100316;163.400000000;10;9586094750;S
20240212;100317;163.400000000;60;9586094889;B
20240212;100318;163.400000000;100;9586095072;B
20240212;100319;163.400000000;70;9586095239;B
20240212;100320;163.400000000;20;9586095387;B
20240212;100322;163.390000000;440;9586095720;S
20240212;100322;163.380000000;10;9586095721;S
20240212;100322;163.380000000;330;9586095722;S
20240212;100322;163.380000000;10;9586095759;S
20240212;100322;163.400000000;10;9586095803;B
20240212;100323;163.400000000;7230;9586095883;B
20240212;100324;163.400000000;1280;9586095975;B
20240212;100324;163.420000000;1770;9586095976;B
20240212;100324;163.420000000;70;9586095986;B
20240212;100328;163.420000000;50;9586096605;B
20240212;100330;163.420000000;10;9586097087;B
20240212;100331;163.420000000;170;9586097258;B
20240212;100331;163.420000000;10;9586097322;B
20240212;100331;163.400000000;50;9586097350;S
20240212;100331;163.400000000;40;9586097351;S
20240212;100332;163.400000000;260;9586097431;S
20240212;100332;163.400000000;30;9586097432;S
20240212;100332;163.390000000;50;9586097433;S
20240212;100335;163.420000000;10;9586097877;B
20240212;100336;163.400000000;150;9586098121;S
20240212;100336;163.390000000;850;9586098122;S
20240212;100336;163.390000000;500;9586098123;S
20240212;100336;163.390000000;460;9586098124;S
20240212;100336;163.380000000;540;9586098125;S
20240212;100336;163.400000000;210;9586098209;B
20240212;100336;163.410000000;10;9586098212;B
20240212;100337;163.380000000;380;9586098253;S
20240212;100338;163.410000000;10;9586098467;B
20240212;100341;163.380000000;10;9586098990;S
20240212;100342;163.390000000;20;9586099071;B
20240212;100342;163.390000000;140;9586099144;B
20240212;100343;163.380000000;50;9586099259;S
20240212;100345;163.390000000;140;9586099710;B
20240212;100347;163.400000000;2200;9586099884;B
20240212;100347;163.380000000;40;9586099892;S
20240212;100348;163.400000000;200;9586100626;B
20240212;100349;163.380000000;420;9586100862;S
20240212;100349;163.390000000;60;9586100903;S
20240212;100350;163.400000000;50;9586100954;B
20240212;100350;163.400000000;10;9586101017;B
20240212;100351;163.390000000;90;9586101119;S
20240212;100351;163.380000000;10;9586101120;S
20240212;100352;163.380000000;1000;9586101319;S
20240212;100352;163.380000000;100;9586101320;S
20240212;100352;163.380000000;110;9586101329;S
20240212;100352;163.370000000;60;9586101330;S
20240212;100352;163.370000000;10;9586101331;S
20240212;100352;163.360000000;110;9586101332;S
20240212;100352;163.360000000;190;9586101333;S
20240212;100352;163.360000000;310;9586101334;S
20240212;100352;163.360000000;10;9586101393;B
20240212;100352;163.360000000;60;9586101401;B
20240212;100353;163.350000000;10;9586101423;S
20240212;100353;163.350000000;10;9586101424;S
20240212;100353;163.350000000;30;9586101425;S
20240212;100353;163.350000000;40;9586101426;S
20240212;100353;163.340000000;250;9586101427;S
20240212;100354;163.330000000;50;9586101587;S
20240212;100354;163.330000000;30;9586101588;S
20240212;100354;163.330000000;730;9586101589;S
20240212;100354;163.330000000;390;9586101590;S
20240212;100354;163.320000000;10;9586101591;S
20240212;100354;163.310000000;10;9586101592;S
20240212;100354;163.310000000;60;9586101593;S
20240212;100354;163.300000000;420;9586101594;S
20240212;100354;163.310000000;10;9586101612;B
20240212;100354;163.320000000;670;9586101613;B
20240212;100354;163.320000000;230;9586101614;B
20240212;100356;163.380000000;10;9586102042;B
20240212;100357;163.380000000;10;9586102199;B
20240212;100358;163.390000000;10;9586102381;B
20240212;100400;163.400000000;50;9586102720;B
20240212;100401;163.400000000;10;9586102752;B
20240212;100401;163.400000000;2750;9586102841;B
20240212;100402;163.400000000;11580;9586103057;B
20240212;100402;163.400000000;16000;9586103058;B
20240212;100402;163.400000000;50;9586103059;B
20240212;100402;163.400000000;10;9586103060;B
20240212;100402;163.400000000;300;9586103061;B
20240212;100403;163.410000000;30;9586103128;B
20240212;100403;163.400000000;160;9586103184;S
20240212;100404;163.400000000;310;9586103416;S
20240212;100405;163.420000000;190;9586103588;B
20240212;100406;163.420000000;20;9586103821;B
20240212;100406;163.400000000;50;9586103904;S
20240212;100407;163.400000000;10;9586104039;S
20240212;100407;163.400000000;200;9586104164;S
20240212;100408;163.400000000;10;9586104216;S
20240212;100408;163.420000000;10;9586104298;B
20240212;100410;163.400000000;100;9586104518;S
20240212;100411;163.400000000;20;9586104626;S
20240212;100411;163.420000000;2120;9586104692;B
20240212;100414;163.400000000;900;9586105355;S
20240212;100414;163.410000000;20;9586105422;B
20240212;100414;163.420000000;230;9586105423;B
20240212;100416;163.400000000;10;9586105675;S
20240212;100418;163.420000000;50;9586106196;B
20240212;100419;163.420000000;10;9586106265;B
20240212;100419;163.420000000;10;9586106287;B
20240212;100420;163.420000000;200;9586106467;B
20240212;100421;163.420000000;220;9586106583;B
20240212;100421;163.420000000;10;9586106585;B
20240212;100422;163.420000000;10;9586106714;B
20240212;100422;163.400000000;290;9586106801;S
20240212;100422;163.400000000;620;9586106802;S
20240212;100422;163.400000000;1750;9586106803;S
20240212;100422;163.400000000;1230;9586106804;S
20240212;100422;163.400000000;100;9586106805;S
20240212;100422;163.400000000;10;9586106806;S
20240212;100423;163.420000000;20;9586106962;B
20240212;100424;163.420000000;10;9586107057;B
20240212;100424;163.420000000;20;9586107187;B
20240212;100427;163.400000000;50;9586107584;S
20240212;100428;163.420000000;10;9586107802;B
20240212;100431;163.420000000;10;9586108176;B
20240212;100431;163.420000000;40;9586108189;B
20240212;100431;163.420000000;20;9586108218;B
20240212;100431;163.420000000;10;9586108271;B
20240212;100431;163.400000000;30;9586108316;S
20240212;100433;163.420000000;10;9586108837;B
20240212;100433;163.410000000;80;9586108923;S
20240212;100435;163.420000000;10;9586109096;B
20240212;100435;163.410000000;60;9586109180;S
20240212;100435;163.400000000;170;9586109181;S
20240212;100435;163.400000000;10;9586109182;S
20240212;100435;163.400000000;100;9586109183;S
20240212;100435;163.400000000;30;9586109184;S
20240212;100435;163.400000000;1000;9586109185;S
20240212;100437;163.420000000;630;9586109514;B
20240212;100437;163.420000000;10;9586109607;B
20240212;100437;163.400000000;540;9586109627;S
20240212;100439;163.420000000;250;9586109765;B
20240212;100440;163.400000000;10;9586109892;S
20240212;100440;163.400000000;20;9586109942;S
20240212;100440;163.420000000;10;9586109986;B
20240212;100442;163.420000000;90;9586110295;B
20240212;100442;163.420000000;10;9586110296;B
20240212;100443;163.420000000;500;9586110353;B
20240212;100443;163.420000000;30;9586110378;B
20240212;100443;163.420000000;10;9586110556;B
20240212;100445;163.420000000;4000;9586110670;B
20240212;100445;163.420000000;60;9586110714;B
20240212;100446;163.400000000;310;9586110815;S
20240212;100446;163.420000000;40;9586110876;B
20240212;100448;163.410000000;1000;9586111152;S
20240212;100448;163.410000000;730;9586111153;S
20240212;100448;163.400000000;120;9586111154;S
20240212;100448;163.400000000;100;9586111155;S
20240212;100448;163.400000000;4100;9586111156;S
20240212;100448;163.400000000;1650;9586111157;S
20240212;100448;163.400000000;300;9586111158;S
20240212;100448;163.420000000;10;9586111260;B
20240212;100449;163.420000000;10;9586111324;B
20240212;100450;163.420000000;20;9586111429;B
20240212;100450;163.400000000;10;9586111453;S
20240212;100450;163.420000000;100;9586111570;B
20240212;100452;163.420000000;10;9586111756;B
20240212;100452;163.420000000;30;9586111814;B
20240212;100453;163.420000000;30;9586111933;B
20240212;100455;163.400000000;20;9586112436;S
20240212;100456;163.400000000;190;9586112594;S
20240212;100456;163.400000000;180;9586112595;S
20240212;100457;163.400000000;630;9586112614;B
20240212;100457;163.410000000;10;9586112624;B
20240212;100457;163.410000000;10;9586112784;B
20240212;100458;163.410000000;150;9586112878;B
20240212;100459;163.420000000;10;9586113092;B
20240212;100500;163.420000000;10;9586113298;B
20240212;100503;163.420000000;10;9586113889;B
20240212;100504;163.420000000;1000;9586114032;B
20240212;100504;163.420000000;100;9586114071;B
20240212;100504;163.410000000;50;9586114074;S
20240212;100504;163.420000000;10;9586114086;B
20240212;100506;163.420000000;10;9586114392;B
20240212;100507;163.420000000;20;9586114464;B
20240212;100507;163.420000000;10;9586114465;B
20240212;100507;163.420000000;30;9586114466;B
20240212;100507;163.420000000;20;9586114467;B
20240212;100507;163.420000000;10;9586114485;B
20240212;100508;163.430000000;10;9586114667;B
20240212;100508;163.430000000;40;9586114668;B
20240212;100508;163.430000000;2760;9586114669;B
20240212;100510;163.430000000;10;9586115035;S
20240212;100514;163.440000000;50;9586115668;B
20240212;100514;163.450000000;30;9586115669;B
20240212;100514;163.450000000;20;9586115670;B
20240212;100514;163.450000000;700;9586115671;B
20240212;100514;163.460000000;30;9586115672;B
20240212;100514;163.460000000;150;9586115673;B
20240212;100514;163.460000000;1550;9586115674;B
20240212;100515;163.460000000;10;9586115835;B
20240212;100518;163.460000000;400;9586116222;B
20240212;100518;163.420000000;50;9586116259;S
20240212;100519;163.450000000;50;9586116348;B
20240212;100520;163.430000000;10;9586116524;B
20240212;100523;163.430000000;850;9586116894;B
20240212;100524;163.430000000;10;9586117152;B
20240212;100524;163.430000000;10;9586117153;B
20240212;100526;163.430000000;100;9586117438;B
20240212;100526;163.430000000;10;9586117441;B
20240212;100528;163.430000000;40;9586117975;B
20240212;100528;163.430000000;120;9586118069;B
20240212;100528;163.430000000;10;9586118119;B
20240212;100528;163.450000000;10;9586118159;B
20240212;100530;163.450000000;120;9586118540;B
20240212;100531;163.450000000;20;9586118621;B
20240212;100533;163.430000000;50;9586118869;S
20240212;100533;163.450000000;30;9586118891;B
20240212;100533;163.450000000;10;9586118914;B
20240212;100534;163.450000000;90;9586119002;B
20240212;100534;163.430000000;10;9586119118;S
20240212;100535;163.430000000;10;9586119259;S
20240212;100535;163.430000000;10;9586119260;S
20240212;100535;163.430000000;50;9586119261;S
20240212;100535;163.450000000;70;9586119361;B
20240212;100536;163.450000000;10;9586119510;B
20240212;100536;163.450000000;100;9586119516;B
20240212;100536;163.450000000;320;9586119519;B
20240212;100536;163.450000000;20;9586119520;B
20240212;100536;163.430000000;300;9586119554;S
20240212;100536;163.430000000;10;9586119555;S
20240212;100536;163.430000000;10;9586119556;S
20240212;100536;163.430000000;680;9586119557;S
20240212;100537;163.450000000;200;9586119676;B
20240212;100539;163.450000000;140;9586119919;B
20240212;100539;163.450000000;630;9586119920;B
20240212;100540;163.450000000;300;9586120142;B
20240212;100540;163.470000000;40;9586120189;B
20240212;100542;163.430000000;10;9586120368;S
20240212;100542;163.430000000;30;9586120369;S
20240212;100544;163.450000000;80;9586120630;S
20240212;100545;163.450000000;220;9586120830;S
20240212;100545;163.440000000;720;9586120831;S
20240212;100545;163.430000000;500;9586120832;S
20240212;100545;163.430000000;60;9586120833;S
20240212;100545;163.470000000;100;9586120864;B
20240212;100546;163.470000000;30;9586121122;B
20240212;100548;163.450000000;10;9586121314;S
20240212;100550;163.450000000;50;9586121769;B
20240212;100552;163.450000000;10;9586122002;B
20240212;100553;163.450000000;10;9586122294;B
20240212;100555;163.450000000;140;9586122702;B
20240212;100556;163.450000000;50;9586122717;B
20240212;100556;163.450000000;10;9586122792;B
20240212;100600;163.450000000;10;9586123512;B
20240212;100601;163.450000000;720;9586123633;B
20240212;100601;163.450000000;1500;9586123634;B
20240212;100601;163.450000000;8500;9586123636;B
20240212;100601;163.450000000;30;9586123637;B
20240212;100601;163.450000000;4770;9586123653;S
20240212;100601;163.450000000;300;9586123654;S
20240212;100601;163.450000000;10;9586123655;S
20240212;100601;163.440000000;120;9586123656;S
20240212;100601;163.440000000;300;9586123657;S
20240212;100602;163.440000000;120;9586123730;S
20240212;100604;163.450000000;10;9586124080;S
20240212;100604;163.460000000;10;9586124107;B
20240212;100605;163.450000000;90;9586124216;S
20240212;100605;163.450000000;10;9586124295;S
20240212;100605;163.450000000;390;9586124306;S
20240212;100605;163.450000000;10;9586124307;S
20240212;100605;163.450000000;600;9586124308;S
20240212;100605;163.460000000;20;9586124310;B
20240212;100607;163.460000000;20;9586124698;B
20240212;100608;163.450000000;10;9586124869;S
20240212;100608;163.440000000;110;9586124870;S
20240212;100609;163.440000000;20;9586124999;S
20240212;100610;163.430000000;60;9586125177;S
20240212;100611;163.440000000;10;9586125409;B
20240212;100611;163.440000000;10;9586125487;B
20240212;100612;163.440000000;90;9586125539;B
20240212;100612;163.440000000;50;9586125706;B
20240212;100612;163.440000000;50;9586125721;B
20240212;100612;163.440000000;7390;9586125722;B
20240212;100612;163.460000000;1050;9586125723;B
20240212;100612;163.460000000;720;9586125724;B
20240212;100612;163.460000000;170;9586125725;B
20240212;100612;163.460000000;300;9586125726;B
20240212;100612;163.470000000;5370;9586125727;B
20240212;100612;163.450000000;60;9586125739;S
20240212;100614;163.450000000;50;9586126066;S
20240212;100616;163.460000000;30;9586126303;S
20240212;100616;163.460000000;20;9586126304;S
20240212;100616;163.470000000;200;9586126314;B
20240212;100616;163.470000000;450;9586126406;B
20240212;100616;163.470000000;50;9586126492;B
20240212;100617;163.460000000;10;9586126744;S
20240212;100621;163.470000000;200;9586127601;B
20240212;100622;163.470000000;1200;9586127714;B
20240212;100622;163.470000000;40;9586127730;B
20240212;100623;163.470000000;40;9586127810;B
20240212;100623;163.460000000;1940;9586127867;S
20240212;100623;163.460000000;2000;9586127868;S
20240212;100623;163.460000000;80;9586127869;S
20240212;100624;163.460000000;7050;9586127906;B
20240212;100624;163.460000000;7050;9586127909;B
20240212;100624;163.460000000;10;9586127923;B
20240212;100624;163.460000000;60;9586127929;B
20240212;100624;163.450000000;10;9586128012;S
20240212;100624;163.450000000;990;9586128013;S
20240212;100624;163.450000000;760;9586128040;S
20240212;100626;163.450000000;40;9586128294;B
20240212;100626;163.450000000;300;9586128364;B
20240212;100628;163.450000000;660;9586128644;B
20240212;100628;163.450000000;800;9586128645;B
20240212;100628;163.460000000;1770;9586128646;B
20240212;100628;163.460000000;800;9586128647;B
20240212;100628;163.470000000;620;9586128648;B
20240212;100628;163.470000000;600;9586128649;B
20240212;100628;163.470000000;50;9586128650;B
20240212;100628;163.470000000;10000;9586128651;B
20240212;100628;163.480000000;1410;9586128652;B
20240212;100628;163.480000000;10;9586128653;B
20240212;100628;163.480000000;100;9586128654;B
20240212;100628;163.480000000;500;9586128655;B
20240212;100628;163.480000000;180;9586128656;B
20240212;100628;163.490000000;60;9586128657;B
20240212;100628;163.490000000;30;9586128658;B
20240212;100628;163.490000000;500;9586128659;B
20240212;100628;163.490000000;530;9586128660;B
20240212;100628;163.490000000;90;9586128661;B
20240212;100628;163.490000000;1000;9586128662;B
20240212;100628;163.490000000;290;9586128663;B
20240212;100628;163.460000000;10;9586128693;B
20240212;100628;163.450000000;140;9586128771;S
20240212;100629;163.470000000;60;9586128836;B
20240212;100629;163.470000000;10;9586128903;B
20240212;100629;163.470000000;10;9586128963;B
20240212;100631;163.460000000;30;9586129377;B
20240212;100632;163.460000000;10;9586129457;B
20240212;100634;163.460000000;20;9586129879;B
20240212;100634;163.460000000;10;9586129889;B
20240212;100635;163.460000000;930;9586129911;B
20240212;100635;163.460000000;70;9586129912;B
20240212;100635;163.460000000;10;9586129998;B
20240212;100635;163.460000000;10;9586130030;B
20240212;100638;163.460000000;10;9586130483;B
20240212;100638;163.450000000;40;9586130580;S
20240212;100638;163.450000000;40;9586130586;S
20240212;100639;163.450000000;70;9586130694;S
20240212;100641;163.460000000;10;9586130888;B
20240212;100642;163.460000000;190;9586131149;B
20240212;100642;163.460000000;1810;9586131150;B
20240212;100644;163.450000000;10;9586131425;S
20240212;100644;163.450000000;200;9586131511;S
20240212;100645;163.460000000;10;9586131729;B
20240212;100645;163.450000000;20;9586131741;S
20240212;100647;163.460000000;10;9586131944;B
20240212;100648;163.460000000;10;9586132048;B
20240212;100648;163.460000000;20;9586132096;B
20240212;100648;163.450000000;120;9586132180;S
20240212;100648;163.450000000;10;9586132181;S
20240212;100648;163.450000000;20;9586132182;S
20240212;100648;163.450000000;30;9586132183;S
20240212;100648;163.440000000;20;9586132184;S
20240212;100648;163.440000000;10;9586132185;S
20240212;100648;163.440000000;20;9586132186;S
20240212;100648;163.440000000;120;9586132187;S
20240212;100649;163.460000000;20;9586132329;B
20240212;100650;163.440000000;10;9586132502;S
20240212;100651;163.450000000;10;9586132608;B
20240212;100651;163.450000000;90;9586132715;B
20240212;100652;163.450000000;10;9586132724;B
20240212;100652;163.450000000;20;9586132771;B
20240212;100654;163.450000000;870;9586133069;B
20240212;100654;163.450000000;800;9586133070;B
20240212;100654;163.460000000;930;9586133071;B
20240212;100654;163.460000000;790;9586133072;B
20240212;100654;163.460000000;2000;9586133073;B
20240212;100654;163.470000000;2000;9586133074;B
20240212;100654;163.480000000;50;9586133075;B
20240212;100654;163.480000000;300;9586133076;B
20240212;100654;163.490000000;1840;9586133077;B
20240212;100654;163.490000000;200;9586133078;B
20240212;100654;163.490000000;250;9586133079;B
20240212;100654;163.490000000;350;9586133080;B
20240212;100654;163.500000000;90;9586133081;B
20240212;100654;163.500000000;2500;9586133082;B
20240212;100654;163.500000000;110;9586133083;B
20240212;100654;163.500000000;240;9586133084;B
20240212;100654;163.500000000;300;9586133085;B
20240212;100654;163.500000000;70;9586133086;B
20240212;100654;163.500000000;1310;9586133087;B
20240212;100654;163.500000000;10;9586133124;B
20240212;100654;163.480000000;240;9586133135;S
20240212;100656;163.500000000;20;9586133415;B
20240212;100657;163.480000000;1000;9586133620;S
20240212;100657;163.480000000;800;9586133621;S
20240212;100657;163.470000000;1000;9586133622;S
20240212;100657;163.470000000;770;9586133623;S
20240212;100657;163.460000000;20;9586133624;S
20240212;100657;163.450000000;1000;9586133625;S
20240212;100657;163.450000000;30;9586133637;B
20240212;100658;163.450000000;20;9586133692;B
20240212;100658;163.450000000;500;9586133701;B
20240212;100659;163.450000000;10;9586133892;B
20240212;100704;163.450000000;3050;9586134562;B
20240212;100704;163.450000000;30;9586134583;B
20240212;100704;163.450000000;1770;9586134662;B
20240212;100704;163.450000000;10;9586134663;B
20240212;100704;163.460000000;40;9586134667;B
20240212;100706;163.450000000;220;9586135028;S
20240212;100706;163.450000000;10;9586135029;S
20240212;100706;163.450000000;70;9586135030;S
20240212;100707;163.460000000;10;9586135139;B
20240212;100707;163.460000000;20;9586135189;B
20240212;100708;163.460000000;610;9586135326;B
20240212;100708;163.460000000;10;9586135423;B
20240212;100710;163.460000000;10;9586135670;B
20240212;100711;163.450000000;4730;9586135740;S
20240212;100711;163.450000000;930;9586135741;S
20240212;100711;163.440000000;1840;9586135742;S
20240212;100711;163.440000000;50;9586135743;S
20240212;100711;163.430000000;880;9586135744;S
20240212;100711;163.430000000;300;9586135745;S
20240212;100711;163.430000000;200;9586135746;S
20240212;100711;163.430000000;60;9586135747;S
20240212;100711;163.430000000;1000;9586135748;S
20240212;100711;163.420000000;50;9586135749;S
20240212;100711;163.420000000;10;9586135750;S
20240212;100711;163.420000000;10;9586135751;S
20240212;100711;163.420000000;10;9586135752;S
20240212;100711;163.420000000;10;9586135753;S
20240212;100711;163.420000000;330;9586135754;S
20240212;100711;163.420000000;290;9586135755;S
20240212;100712;163.460000000;10;9586135875;B
20240212;100713;163.460000000;20;9586136127;B
20240212;100713;163.460000000;60;9586136140;B
20240212;100715;163.460000000;10;9586136408;B
20240212;100715;163.460000000;20;9586136449;B
20240212;100717;163.460000000;10;9586136620;B
20240212;100718;163.450000000;20;9586136770;S
20240212;100718;163.460000000;10;9586136817;B
20240212;100718;163.450000000;100;9586136828;S
20240212;100719;163.450000000;140;9586136867;S
20240212;100720;163.460000000;160;9586137177;B
20240212;100720;163.460000000;1000;9586137178;B
20240212;100720;163.460000000;840;9586137179;B
20240212;100720;163.460000000;300;9586137257;B
20240212;100720;163.460000000;200;9586137258;B
20240212;100721;163.460000000;40;9586137332;B
20240212;100721;163.450000000;100;9586137383;S
20240212;100721;163.460000000;30;9586137419;B
20240212;100724;163.460000000;10;9586137882;B
20240212;100725;163.450000000;610;9586138051;S
20240212;100725;163.450000000;500;9586138052;S
20240212;100725;163.430000000;930;9586138053;S
20240212;100725;163.420000000;3390;9586138054;S
20240212;100725;163.420000000;1840;9586138055;S
20240212;100725;163.410000000;6000;9586138056;S
20240212;100725;163.410000000;10;9586138057;S
20240212;100725;163.410000000;210;9586138058;S
20240212;100725;163.400000000;10;9586138059;S
20240212;100725;163.400000000;20000;9586138060;S
20240212;100725;163.400000000;90;9586138061;S
20240212;100725;163.400000000;30;9586138062;S
20240212;100725;163.400000000;20;9586138063;S
20240212;100725;163.400000000;10;9586138064;S
20240212;100725;163.400000000;670;9586138065;S
20240212;100725;163.400000000;100;9586138066;S
20240212;100725;163.400000000;60;9586138067;S
20240212;100725;163.400000000;300;9586138068;S
20240212;100725;163.400000000;100;9586138069;S
20240212;100725;163.390000000;10;9586138074;S
20240212;100725;163.380000000;500;9586138075;S
20240212;100725;163.380000000;10;9586138076;S
20240212;100725;163.380000000;10;9586138077;S
20240212;100725;163.380000000;10;9586138078;S
20240212;100725;163.380000000;10;9586138079;S
20240212;100725;163.380000000;10;9586138080;S
20240212;100725;163.370000000;10;9586138082;S
20240212;100725;163.360000000;100;9586138087;S
20240212;100725;163.360000000;10;9586138088;S
20240212;100725;163.360000000;180;9586138089;S
20240212;100725;163.360000000;40;9586138091;S
20240212;100725;163.350000000;10;9586138092;S
20240212;100725;163.350000000;30;9586138093;S
20240212;100725;163.350000000;30;9586138094;S
20240212;100725;163.350000000;10;9586138095;S
20240212;100725;163.350000000;30;9586138096;S
20240212;100725;163.380000000;10;9586138100;B
20240212;100725;163.380000000;490;9586138176;B
20240212;100726;163.380000000;500;9586138211;B
20240212;100726;163.380000000;10;9586138213;B
20240212;100726;163.380000000;290;9586138214;B
20240212;100726;163.370000000;1000;9586138247;B
20240212;100726;163.380000000;710;9586138248;B
20240212;100726;163.380000000;800;9586138249;B
20240212;100726;163.380000000;300;9586138250;B
20240212;100726;163.380000000;570;9586138251;B
20240212;100726;163.380000000;940;9586138252;B
20240212;100726;163.390000000;1000;9586138253;B
20240212;100726;163.390000000;2000;9586138254;B
20240212;100726;163.390000000;3680;9586138255;B
20240212;100726;163.400000000;9000;9586138256;B
20240212;100727;163.390000000;20;9586138345;B
20240212;100727;163.340000000;10;9586138383;S
20240212;100728;163.390000000;30;9586138531;B
20240212;100731;163.350000000;400;9586138879;S
20240212;100731;163.350000000;1440;9586138968;S
20240212;100731;163.340000000;560;9586138969;S
20240212;100732;163.330000000;10;9586139063;S
20240212;100732;163.330000000;990;9586139096;S
20240212;100732;163.330000000;10;9586139097;S
20240212;100734;163.340000000;20;9586139385;B
20240212;100735;163.340000000;300;9586139492;B
20240212;100735;163.340000000;480;9586139585;B
20240212;100735;163.340000000;520;9586139586;B
20240212;100736;163.340000000;50;9586139778;B
20240212;100736;163.340000000;50;9586139796;B
20240212;100737;163.340000000;60;9586139818;B
20240212;100737;163.330000000;20;9586139879;S
20240212;100737;163.330000000;10;9586139880;S
20240212;100737;163.320000000;10;9586139881;S
20240212;100737;163.320000000;10;9586139882;S
20240212;100737;163.310000000;630;9586139883;S
20240212;100737;163.310000000;320;9586139884;S
20240212;100738;163.320000000;30;9586139995;B
20240212;100739;163.320000000;110;9586140068;B
20240212;100739;163.320000000;100;9586140138;B
20240212;100740;163.320000000;10;9586140347;B
20240212;100740;163.320000000;10;9586140353;B
20240212;100740;163.320000000;10;9586140396;B
20240212;100741;163.310000000;10;9586140459;S
20240212;100743;163.320000000;100;9586140669;B
20240212;100743;163.320000000;500;9586140720;B
20240212;100743;163.320000000;30;9586140829;B
20240212;100744;163.320000000;50;9586140992;B
20240212;100744;163.320000000;50;9586141070;B
20240212;100744;163.330000000;470;9586141071;B
20240212;100745;163.340000000;20;9586141164;B
20240212;100747;163.310000000;10;9586141552;S
20240212;100748;163.340000000;780;9586141661;B
20240212;100748;163.340000000;4220;9586141662;B
20240212;100748;163.350000000;10;9586141682;B
20240212;100749;163.340000000;340;9586141724;S
20240212;100749;163.340000000;300;9586141820;S
20240212;100749;163.340000000;20;9586141821;S
20240212;100753;163.340000000;10;9586142303;B
20240212;100757;163.340000000;20;9586142920;S
20240212;100757;163.330000000;30;9586142921;S
20240212;100757;163.330000000;220;9586142922;S
20240212;100759;163.340000000;600;9586143093;S
20240212;100759;163.350000000;10;9586143115;B
20240212;100800;163.350000000;30;9586143364;B
20240212;100801;163.350000000;160;9586143568;B
20240212;100801;163.350000000;10;9586143569;B
20240212;100805;163.370000000;10;9586144254;B
20240212;100806;163.350000000;740;9586144300;S
20240212;100806;163.340000000;10;9586144301;S
20240212;100806;163.340000000;500;9586144302;S
20240212;100806;163.340000000;120;9586144303;S
20240212;100806;163.340000000;10;9586144304;S
20240212;100806;163.340000000;170;9586144305;S
20240212;100806;163.340000000;500;9586144306;S
20240212;100806;163.340000000;10;9586144312;B
20240212;100806;163.340000000;40;9586144328;B
20240212;100806;163.340000000;4500;9586144330;B
20240212;100806;163.340000000;850;9586144331;B
20240212;100806;163.350000000;190;9586144332;B
20240212;100806;163.350000000;100;9586144399;S
20240212;100806;163.360000000;10;9586144454;B
20240212;100807;163.350000000;180;9586144545;S
20240212;100808;163.360000000;10;9586144642;B
20240212;100808;163.360000000;100;9586144706;B
20240212;100808;163.350000000;160;9586144707;S
20240212;100808;163.330000000;1000;9586144708;S
20240212;100808;163.340000000;20;9586144781;B
20240212;100810;163.340000000;20;9586145039;B
20240212;100810;163.340000000;280;9586145040;B
20240212;100811;163.340000000;10;9586145154;B
20240212;100812;163.340000000;120;9586145231;B
20240212;100813;163.330000000;20;9586145417;S
20240212;100813;163.320000000;80;9586145418;S
20240212;100816;163.330000000;500;9586145957;B
20240212;100817;163.320000000;300;9586146266;S
20240212;100818;163.330000000;200;9586146434;B
20240212;100818;163.330000000;300;9586146436;B
20240212;100818;163.330000000;800;9586146437;B
20240212;100818;163.330000000;2900;9586146438;B
20240212;100819;163.330000000;450;9586146632;B
20240212;100821;163.320000000;120;9586146896;S
20240212;100821;163.320000000;60;9586146897;S
20240212;100821;163.320000000;60;9586146898;S
20240212;100821;163.320000000;10;9586146899;S
20240212;100821;163.320000000;10;9586146900;S
20240212;100821;163.310000000;10;9586146901;S
20240212;100821;163.310000000;20;9586146902;S
20240212;100822;163.310000000;60;9586146989;S
20240212;100823;163.320000000;10;9586147099;B
20240212;100823;163.320000000;30;9586147232;B
20240212;100824;163.320000000;10;9586147248;B
20240212;100825;163.320000000;10;9586147612;B
20240212;100826;163.320000000;60;9586147811;B
20240212;100827;163.310000000;130;9586147979;S
20240212;100827;163.310000000;100;9586147980;S
20240212;100827;163.300000000;580;9586147981;S
20240212;100827;163.300000000;1000;9586147982;S
20240212;100827;163.300000000;190;9586147983;S
20240212;100827;163.310000000;10;9586147986;B
20240212;100828;163.310000000;30;9586148050;B
20240212;100828;163.300000000;690;9586148057;S
20240212;100828;163.300000000;30;9586148058;S
20240212;100828;163.300000000;110;9586148059;S
20240212;100828;163.300000000;30;9586148060;S
20240212;100828;163.300000000;200;9586148061;S
20240212;100828;163.300000000;10;9586148062;S
20240212;100828;163.300000000;100;9586148063;S
20240212;100828;163.300000000;1500;9586148064;S
20240212;100828;163.300000000;30;9586148065;S
20240212;100828;163.300000000;110;9586148066;S
20240212;100828;163.300000000;2000;9586148067;S
20240212;100828;163.300000000;10;9586148068;S
20240212;100828;163.300000000;50;9586148069;S
20240212;100828;163.300000000;50;9586148070;S
20240212;100828;163.300000000;50;9586148071;S
20240212;100828;163.300000000;10;9586148072;S
20240212;100828;163.290000000;10;9586148186;S
20240212;100828;163.290000000;30;9586148187;S
20240212;100828;163.290000000;10;9586148188;S
20240212;100828;163.290000000;350;9586148189;S
20240212;100831;163.300000000;520;9586148513;B
20240212;100831;163.300000000;860;9586148514;B
20240212;100831;163.300000000;800;9586148515;B
20240212;100831;163.300000000;820;9586148516;B
20240212;100832;163.300000000;10;9586148727;B
20240212;100835;163.300000000;30;9586149082;B
20240212;100835;163.300000000;10;9586149093;B
20240212;100836;163.290000000;10;9586149229;S
20240212;100838;163.290000000;1000;9586149389;S
20240212;100839;163.290000000;1420;9586149633;S
20240212;100839;163.290000000;4000;9586149634;S
20240212;100839;163.290000000;10;9586149635;S
20240212;100839;163.290000000;240;9586149636;S
20240212;100839;163.290000000;2290;9586149637;S
20240212;100839;163.290000000;200;9586149638;S
20240212;100839;163.290000000;20;9586149639;S
20240212;100839;163.290000000;50;9586149640;S
20240212;100839;163.290000000;10;9586149641;S
20240212;100839;163.290000000;10;9586149642;S
20240212;100839;163.290000000;60;9586149643;S
20240212;100839;163.290000000;700;9586149644;S
20240212;100839;163.290000000;990;9586149645;S
20240212;100840;163.290000000;10;9586149798;S
20240212;100840;163.280000000;10;9586149799;S
20240212;100840;163.280000000;230;9586149800;S
20240212;100840;163.280000000;190;9586149801;S
20240212;100840;163.290000000;150;9586149814;B
20240212;100841;163.290000000;70;9586149953;B
20240212;100842;163.290000000;160;9586149999;B
20240212;100842;163.290000000;840;9586150029;B
20240212;100842;163.290000000;160;9586150030;B
20240212;100842;163.290000000;50;9586150036;B
20240212;100843;163.280000000;500;9586150270;S
20240212;100844;163.290000000;500;9586150363;B
20240212;100846;163.280000000;200;9586150648;S
20240212;100848;163.280000000;600;9586150931;S
20240212;100849;163.290000000;290;9586151040;B
20240212;100849;163.290000000;210;9586151041;B
20240212;100849;163.280000000;480;9586151051;S
20240212;100850;163.290000000;10;9586151094;B
20240212;100854;163.280000000;6000;9586151763;S
20240212;100854;163.280000000;30;9586151802;S
20240212;100855;163.280000000;200;9586151915;S
20240212;100856;163.280000000;20;9586152136;S
20240212;100859;163.290000000;10;9586152572;B
20240212;100900;163.280000000;100;9586152701;S
20240212;100900;163.280000000;40;9586152763;S
20240212;100901;163.290000000;60;9586152843;B
20240212;100902;163.290000000;40;9586152929;B
20240212;100902;163.290000000;30;9586152957;B
20240212;100902;163.290000000;50;9586152981;B
20240212;100904;163.290000000;120;9586153171;B
20240212;100904;163.290000000;20;9586153263;B
20240212;100905;163.290000000;250;9586153357;B
20240212;100905;163.290000000;150;9586153358;B
20240212;100907;163.290000000;140;9586153673;B
20240212;100907;163.290000000;610;9586153695;B
20240212;100908;163.290000000;180;9586153798;B
20240212;100910;163.290000000;100;9586154016;B
20240212;100910;163.290000000;20;9586154117;B
20240212;100911;163.290000000;180;9586154148;B
20240212;100911;163.290000000;20;9586154149;B
20240212;100912;163.290000000;100;9586154372;B
20240212;100913;163.290000000;20;9586154522;B
20240212;100914;163.290000000;100;9586154589;B
20240212;100914;163.290000000;20;9586154687;B
20240212;100915;163.280000000;1000;9586154718;S
20240212;100916;163.290000000;100;9586154924;B
20240212;100916;163.290000000;10;9586154966;B
20240212;100918;163.280000000;20;9586155124;S
20240212;100918;163.290000000;150;9586155152;B
20240212;100919;163.290000000;70;9586155332;B
20240212;100919;163.280000000;400;9586155452;S
20240212;100919;163.290000000;100;9586155466;B
20240212;100919;163.290000000;500;9586155488;B
20240212;100920;163.280000000;50;9586155517;S
20240212;100920;163.290000000;10;9586155536;B
20240212;100920;163.290000000;220;9586155591;B
20240212;100921;163.280000000;70;9586155626;S
20240212;100921;163.290000000;2600;9586155634;B
20240212;100921;163.290000000;2000;9586155635;B
20240212;100921;163.290000000;70;9586155636;B
20240212;100921;163.280000000;20;9586155719;S
20240212;100922;163.290000000;10;9586155834;B
20240212;100922;163.290000000;110;9586155884;B
20240212;100923;163.290000000;20;9586155914;B
20240212;100923;163.280000000;20;9586156052;S
20240212;100925;163.290000000;10;9586156275;B
20240212;100926;163.290000000;10;9586156348;B
20240212;100928;163.280000000;1000;9586156771;S
20240212;100929;163.290000000;10;9586156847;B
20240212;100929;163.290000000;10;9586156904;B
20240212;100931;163.290000000;10;9586157183;B
20240212;100932;163.290000000;10;9586157252;B
20240212;100932;163.280000000;120;9586157302;S
20240212;100932;163.290000000;20;9586157384;B
20240212;100933;163.290000000;30;9586157417;B
20240212;100934;163.290000000;80;9586157614;B
20240212;100934;163.290000000;120;9586157615;B
20240212;100936;163.290000000;500;9586157812;B
20240212;100936;163.290000000;10;9586157922;B
20240212;100937;163.290000000;20;9586157942;B
20240212;100938;163.280000000;3930;9586158178;S
20240212;100939;163.290000000;30;9586158274;B
20240212;100940;163.280000000;23690;9586158356;S
20240212;100940;163.290000000;120;9586158374;B
20240212;100940;163.290000000;1000;9586158375;B
20240212;100940;163.290000000;8880;9586158376;B
20240212;100941;163.290000000;20;9586158490;B
20240212;100941;163.280000000;50;9586158586;S
20240212;100942;163.280000000;440;9586158614;S
20240212;100942;163.290000000;20;9586158694;B
20240212;100943;163.290000000;60;9586158773;B
20240212;100943;163.290000000;170;9586158774;B
20240212;100943;163.290000000;2480;9586158775;B
20240212;100943;163.290000000;290;9586158776;B
20240212;100944;163.290000000;10;9586159124;B
20240212;100944;163.280000000;500;9586159125;S
20240212;100946;163.280000000;420;9586159353;S
20240212;100947;163.290000000;60;9586159460;B
20240212;100950;163.290000000;50;9586159828;B
20240212;100951;163.280000000;310;9586159899;S
20240212;100953;163.290000000;190;9586160072;B
20240212;100954;163.290000000;10;9586160228;B
20240212;100954;163.290000000;1520;9586160438;B
20240212;100954;163.290000000;280;9586160439;B
20240212;100954;163.290000000;1200;9586160440;B
20240212;100955;163.280000000;240;9586160582;S
20240212;100955;163.290000000;900;9586160668;B
20240212;100957;163.290000000;150;9586160854;B
20240212;100957;163.290000000;650;9586160855;B
20240212;100957;163.300000000;10;9586160892;B
20240212;101001;163.290000000;30;9586161724;S
20240212;101002;163.300000000;1500;9586161779;B
20240212;101002;163.300000000;90;9586161835;B
20240212;101002;163.300000000;1600;9586161836;B
20240212;101002;163.300000000;790;9586161837;B
20240212;101002;163.300000000;9380;9586161838;B
20240212;101002;163.310000000;300;9586161884;B
20240212;101002;163.310000000;80;9586161885;B
20240212;101002;163.310000000;250;9586161886;B
20240212;101004;163.320000000;2990;9586162079;B
20240212;101004;163.320000000;190;9586162090;B
20240212;101005;163.320000000;150;9586162247;B
20240212;101006;163.320000000;50;9586162349;B
20240212;101006;163.310000000;300;9586162416;S
20240212;101006;163.310000000;800;9586162417;S
20240212;101006;163.310000000;1840;9586162418;S
20240212;101006;163.310000000;160;9586162419;S
20240212;101007;163.320000000;350;9586162545;B
20240212;101008;163.310000000;840;9586162787;S
20240212;101008;163.310000000;960;9586162788;S
20240212;101009;163.320000000;20;9586162978;B
20240212;101010;163.310000000;40;9586163113;S
20240212;101010;163.310000000;960;9586163114;S
20240212;101010;163.320000000;100;9586163149;B
20240212;101010;163.310000000;300;9586163170;S
20240212;101010;163.320000000;120;9586163177;B
20240212;101011;163.310000000;10;9586163218;S
20240212;101012;163.320000000;10;9586163379;B
20240212;101013;163.300000000;100;9586163573;S
20240212;101017;163.300000000;10;9586164005;S
20240212;101017;163.300000000;1610;9586164026;S
20240212;101017;163.300000000;290;9586164027;S
20240212;101017;163.300000000;100;9586164028;S
20240212;101018;163.310000000;10;9586164120;B
20240212;101018;163.310000000;200;9586164139;B
20240212;101018;163.310000000;10;9586164147;B
20240212;101019;163.300000000;500;9586164286;S
20240212;101019;163.310000000;10;9586164287;B
20240212;101019;163.310000000;500;9586164304;B
20240212;101020;163.310000000;100;9586164420;B
20240212;101020;163.310000000;1000;9586164421;S
20240212;101020;163.310000000;1000;9586164422;S
20240212;101020;163.310000000;1940;9586164423;S
20240212;101021;163.300000000;80;9586164559;S
20240212;101022;163.300000000;10;9586164612;S
20240212;101023;163.310000000;500;9586164706;B
20240212;101023;163.320000000;100;9586164712;B
20240212;101023;163.320000000;2350;9586164782;B
20240212;101025;163.310000000;300;9586164945;S
20240212;101025;163.310000000;1000;9586164946;S
20240212;101025;163.310000000;760;9586164947;S
20240212;101025;163.320000000;150;9586165016;B
20240212;101026;163.320000000;100;9586165090;B
20240212;101026;163.320000000;50;9586165101;B
20240212;101026;163.310000000;240;9586165102;S
20240212;101026;163.310000000;260;9586165103;S
20240212;101026;163.310000000;40;9586165111;S
20240212;101026;163.310000000;200;9586165112;S
20240212;101027;163.310000000;500;9586165213;S
20240212;101027;163.310000000;300;9586165250;S
20240212;101027;163.310000000;200;9586165251;S
20240212;101030;163.320000000;20;9586165589;B
20240212;101034;163.320000000;10;9586166131;B
20240212;101035;163.320000000;190;9586166233;B
20240212;101036;163.320000000;100;9586166402;B
20240212;101036;163.320000000;200;9586166452;B
20240212;101037;163.320000000;10;9586166517;B
20240212;101037;163.320000000;10;9586166543;B
20240212;101037;163.310000000;800;9586166544;S
20240212;101037;163.310000000;700;9586166545;S
20240212;101039;163.310000000;300;9586166794;S
20240212;101039;163.310000000;30;9586166795;S
20240212;101039;163.310000000;10;9586166796;S
20240212;101039;163.310000000;10;9586166797;S
20240212;101039;163.310000000;770;9586166798;S
20240212;101040;163.320000000;500;9586166937;B
20240212;101041;163.320000000;10;9586167166;B
20240212;101042;163.320000000;20;9586167208;B
20240212;101046;163.320000000;70;9586167854;B
20240212;101047;163.320000000;100;9586167990;B
20240212;101047;163.320000000;50;9586168039;B
20240212;101048;163.310000000;230;9586168071;S
20240212;101055;163.320000000;10;9586169043;B
20240212;101056;163.320000000;100;9586169173;B
20240212;101057;163.320000000;10;9586169298;B
20240212;101057;163.320000000;20;9586169314;B
20240212;101057;163.320000000;100;9586169341;B
20240212;101058;163.320000000;10;9586169443;B
20240212;101058;163.310000000;10;9586169463;S
20240212;101058;163.320000000;500;9586169488;B
20240212;101101;163.320000000;530;9586169789;B
20240212;101101;163.310000000;500;9586169862;S
20240212;101101;163.320000000;3830;9586169868;B
20240212;101101;163.320000000;60;9586169869;B
20240212;101101;163.320000000;200;9586169870;B
20240212;101101;163.320000000;1780;9586169871;B
20240212;101102;163.320000000;700;9586170025;S
20240212;101102;163.310000000;500;9586170026;S
20240212;101102;163.310000000;10;9586170027;S
20240212;101102;163.310000000;1840;9586170028;S
20240212;101102;163.310000000;300;9586170029;S
20240212;101102;163.310000000;830;9586170030;S
20240212;101102;163.300000000;820;9586170031;S
20240212;101105;163.340000000;10;9586170447;B
20240212;101106;163.340000000;480;9586170547;B
20240212;101107;163.350000000;30;9586170658;B
20240212;101109;163.350000000;10;9586170844;B
20240212;101111;163.350000000;50;9586171168;B
20240212;101111;163.350000000;10;9586171192;B
20240212;101113;163.350000000;900;9586171350;B
20240212;101113;163.350000000;20;9586171351;B
20240212;101113;163.350000000;660;9586171352;B
20240212;101113;163.350000000;10;9586171353;B
20240212;101113;163.350000000;10;9586171354;B
20240212;101113;163.350000000;40;9586171355;B
20240212;101113;163.350000000;460;9586171356;B
20240212;101113;163.350000000;10;9586171432;B
20240212;101114;163.350000000;10;9586171483;B
20240212;101117;163.350000000;730;9586171906;B
20240212;101117;163.350000000;790;9586171929;B
20240212;101117;163.350000000;2070;9586171930;B
20240212;101117;163.350000000;10000;9586171931;B
20240212;101117;163.350000000;2000;9586171932;S
20240212;101118;163.360000000;10;9586172010;S
20240212;101118;163.360000000;230;9586172060;S
20240212;101119;163.350000000;20;9586172129;S
20240212;101122;163.360000000;300;9586172659;B
20240212;101122;163.350000000;60;9586172695;S
20240212;101126;163.360000000;10;9586173060;B
20240212;101127;163.360000000;500;9586173174;B
20240212;101134;163.360000000;150;9586174070;B
20240212;101134;163.360000000;10;9586174073;B
20240212;101135;163.360000000;500;9586174255;B
20240212;101137;163.350000000;500;9586174563;S
20240212;101140;163.360000000;50;9586174812;B
20240212;101141;163.360000000;20;9586174902;B
20240212;101143;163.360000000;20;9586175171;B
20240212;101143;163.360000000;110;9586175181;B
20240212;101145;163.360000000;10;9586175374;B
20240212;101146;163.360000000;320;9586175631;B
20240212;101146;163.360000000;280;9586175632;B
20240212;101146;163.360000000;9400;9586175633;B
20240212;101149;163.350000000;10;9586175929;S
20240212;101150;163.360000000;50;9586176010;B
20240212;101151;163.360000000;40;9586176143;B
20240212;101153;163.350000000;4550;9586176400;S
20240212;101153;163.350000000;10;9586176401;S
20240212;101153;163.350000000;20;9586176402;S
20240212;101153;163.350000000;50;9586176403;S
20240212;101153;163.350000000;990;9586176404;S
20240212;101153;163.350000000;50;9586176405;S
20240212;101153;163.340000000;500;9586176406;S
20240212;101153;163.340000000;500;9586176407;S
20240212;101153;163.340000000;50;9586176408;S
20240212;101153;163.340000000;440;9586176409;S
20240212;101153;163.320000000;940;9586176410;S
20240212;101153;163.320000000;460;9586176411;S
20240212;101153;163.320000000;800;9586176412;S
20240212;101153;163.320000000;1000;9586176413;S
20240212;101153;163.310000000;10;9586176414;S
20240212;101153;163.310000000;10;9586176415;S
20240212;101153;163.310000000;300;9586176416;S
20240212;101153;163.310000000;1380;9586176417;S
20240212;101153;163.310000000;40;9586176420;S
20240212;101154;163.300000000;300;9586176500;S
20240212;101154;163.300000000;100;9586176501;S
20240212;101154;163.300000000;20;9586176502;S
20240212;101154;163.300000000;10;9586176503;S
20240212;101154;163.300000000;20;9586176504;S
20240212;101154;163.300000000;210;9586176505;S
20240212;101154;163.300000000;10;9586176602;S
20240212;101155;163.310000000;200;9586176715;B
20240212;101155;163.310000000;310;9586176716;B
20240212;101156;163.310000000;500;9586176969;B
20240212;101157;163.310000000;10;9586177080;B
20240212;101201;163.310000000;20;9586177544;B
20240212;101202;163.310000000;160;9586177666;B
20240212;101202;163.310000000;650;9586177667;B
20240212;101204;163.310000000;150;9586177924;B
20240212;101204;163.310000000;850;9586177925;B
20240212;101204;163.320000000;10;9586178048;B
20240212;101205;163.320000000;10;9586178102;B
20240212;101205;163.320000000;10;9586178130;B
20240212;101206;163.310000000;1000;9586178270;S
20240212;101206;163.310000000;2520;9586178271;S
20240212;101206;163.300000000;130;9586178272;S
20240212;101206;163.300000000;20;9586178273;S
