<DATE>;<TIME>;<LAST>;<VOL>;<ID>;<OPER>
20240117;095944;163.480000000;10;9411036071;S
20240117;095944;163.480000000;10;9411036072;B
20240117;095944;163.480000000;300;9411036073;B
20240117;095944;163.480000000;20;9411036074;B
20240117;095944;163.480000000;20;9411036075;B
20240117;095944;163.480000000;10;9411036076;B
20240117;095944;163.480000000;10;9411036077;B
20240117;095944;163.480000000;20;9411036078;B
20240117;095944;163.480000000;20;9411036079;B
20240117;095944;163.480000000;30;9411036080;B
20240117;095944;163.480000000;10;9411036081;B
20240117;095944;163.480000000;20;9411036082;B
20240117;095944;163.480000000;20;9411036083;B
20240117;095944;163.480000000;10;9411036084;B
20240117;095944;163.480000000;10;9411036085;B
20240117;095944;163.480000000;10;9411036086;B
20240117;095944;163.480000000;10;9411036087;B
20240117;095944;163.480000000;110;9411036088;B
20240117;095944;163.480000000;10;9411036089;B
20240117;095944;163.480000000;150;9411036090;B
20240117;095944;163.480000000;10;9411036091;B
20240117;095944;163.480000000;140;9411036092;B
20240117;095944;163.480000000;40;9411036093;B
20240117;095944;163.480000000;10;9411036094;B
20240117;095944;163.480000000;3000;9411036095;B
20240117;095944;163.480000000;150;9411036096;B
20240117;095944;163.480000000;100;9411036097;B
20240117;095944;163.480000000;10;9411036098;S
20240117;095944;163.480000000;80;9411036099;S
20240117;095944;163.480000000;70;9411036100;S
20240117;095944;163.480000000;10;9411036101;S
20240117;095944;163.480000000;250;9411036102;S
20240117;095944;163.480000000;3180;9411036103;S
20240117;095944;163.480000000;10;9411036104;S
20240117;095944;163.480000000;50;9411036105;S
20240117;095944;163.480000000;60;9411036106;S
20240117;095944;163.480000000;10;9411036107;S
20240117;095944;163.480000000;100;9411036108;S
20240117;095944;163.480000000;10;9411036109;S
20240117;095944;163.480000000;10;9411036110;S
20240117;095944;163.480000000;10;9411036111;S
20240117;095944;163.480000000;20;9411036112;B
20240117;095944;163.480000000;20;9411036113;B
20240117;095944;163.480000000;10;9411036114;B
20240117;095944;163.480000000;20;9411036115;B
20240117;095944;163.480000000;2170;9411036116;B
20240117;095944;163.480000000;190;9411036117;B
20240117;095944;163.480000000;10;9411036118;B
20240117;095944;163.480000000;50;9411036119;S
20240117;095944;163.480000000;40;9411036120;S
20240117;095944;163.480000000;50;9411036121;S
20240117;095944;163.480000000;10;9411036122;B
20240117;095944;163.480000000;40;9411036123;B
20240117;095944;163.480000000;10;9411036124;B
20240117;095944;163.480000000;10;9411036125;B
20240117;095944;163.480000000;5000;9411036126;B
20240117;095944;163.480000000;40;9411036127;B
20240117;095944;163.480000000;3500;9411036128;B
20240117;095944;163.480000000;1000;9411036129;B
20240117;095944;163.480000000;1700;9411036130;B
20240117;095944;163.480000000;3000;9411036131;S
20240117;095944;163.480000000;10;9411036132;B
20240117;095944;163.480000000;40;9411036133;B
20240117;095944;163.480000000;10;9411036134;B
20240117;095944;163.480000000;10;9411036135;B
20240117;095944;163.480000000;10;9411036136;B
20240117;095944;163.480000000;10;9411036137;B
20240117;095944;163.480000000;10;9411036138;B
20240117;095944;163.480000000;10;9411036139;B
20240117;095944;163.480000000;510;9411036140;B
20240117;095944;163.480000000;60;9411036141;S
20240117;095944;163.480000000;10;9411036142;B
20240117;095944;163.480000000;130;9411036143;B
20240117;095944;163.480000000;10;9411036144;B
20240117;095944;163.480000000;20;9411036145;B
20240117;095944;163.480000000;12500;9411036146;S
20240117;095944;163.480000000;5000;9411036147;B
20240117;095944;163.480000000;150;9411036148;B
20240117;095944;163.480000000;1000;9411036149;B
20240117;095944;163.480000000;1450;9411036150;B
20240117;095944;163.480000000;470;9411036151;B
20240117;095944;163.480000000;10;9411036152;B
20240117;095944;163.480000000;70;9411036153;B
20240117;095944;163.480000000;1000;9411036154;B
20240117;095944;163.480000000;30;9411036155;S
20240117;095944;163.480000000;50;9411036156;B
20240117;095944;163.480000000;2140;9411036157;B
20240117;095944;163.480000000;10;9411036158;B
20240117;095944;163.480000000;50;9411036159;B
20240117;095944;163.480000000;50;9411036160;B
20240117;095944;163.480000000;10;9411036161;S
20240117;100000;163.380000000;10;9411039777;S
20240117;100000;163.370000000;10;9411040195;S
20240117;100000;163.340000000;100;9411040217;S
20240117;100000;163.330000000;10;9411040218;S
20240117;100000;163.300000000;3000;9411040234;S
20240117;100000;163.300000000;1000;9411040239;S
20240117;100000;163.300000000;200;9411040240;S
20240117;100000;163.300000000;690;9411040241;S
20240117;100000;163.300000000;500;9411040250;S
20240117;100000;163.300000000;690;9411040252;S
20240117;100000;163.300000000;300;9411040253;S
20240117;100000;163.300000000;1000;9411040257;S
20240117;100000;163.300000000;600;9411040272;S
20240117;100000;163.300000000;700;9411040367;S
20240117;100000;163.300000000;1000;9411040368;S
20240117;100000;163.300000000;300;9411040369;S
20240117;100000;163.300000000;990;9411040429;S
20240117;100000;163.300000000;300;9411040444;S
20240117;100000;163.300000000;200;9411040449;S
20240117;100000;163.300000000;500;9411040456;S
20240117;100000;163.300000000;200;9411040459;S
20240117;100000;163.300000000;800;9411040460;S
20240117;100000;163.300000000;100;9411040546;S
20240117;100000;163.300000000;700;9411040562;S
20240117;100000;163.300000000;200;9411040563;S
20240117;100000;163.300000000;900;9411040564;S
20240117;100000;163.310000000;500;9411040566;B
20240117;100001;163.300000000;700;9411040604;S
20240117;100001;163.310000000;500;9411040899;B
20240117;100001;163.310000000;3600;9411041233;B
20240117;100004;163.300000000;10;9411042778;S
20240117;100004;163.310000000;10;9411042870;B
20240117;100004;163.300000000;10;9411042943;S
20240117;100004;163.300000000;300;9411043051;S
20240117;100004;163.300000000;100;9411043052;S
20240117;100004;163.300000000;900;9411043053;S
20240117;100004;163.300000000;400;9411043054;S
20240117;100004;163.310000000;20;9411043223;B
20240117;100004;163.310000000;10;9411043224;B
20240117;100004;163.300000000;10;9411043226;S
20240117;100004;163.310000000;10;9411043227;B
20240117;100004;163.300000000;10;9411043229;S
20240117;100004;163.300000000;40;9411043230;S
20240117;100004;163.300000000;60;9411043389;S
20240117;100004;163.300000000;10;9411043393;S
20240117;100004;163.300000000;10;9411043394;S
20240117;100004;163.300000000;30;9411043395;S
20240117;100004;163.310000000;10;9411043400;B
20240117;100005;163.310000000;10;9411043920;B
20240117;100005;163.300000000;10;9411044343;S
20240117;100005;163.300000000;10;9411044344;S
20240117;100005;163.310000000;10;9411044346;B
20240117;100005;163.310000000;10;9411044351;B
20240117;100005;163.310000000;10;9411044352;B
20240117;100005;163.300000000;10;9411044353;S
20240117;100005;163.310000000;10;9411044354;B
20240117;100005;163.310000000;10;9411044363;B
20240117;100005;163.310000000;10;9411044364;B
20240117;100005;163.310000000;10;9411044365;B
20240117;100005;163.310000000;10;9411044366;B
20240117;100005;163.300000000;10;9411044369;S
20240117;100005;163.310000000;10;9411044370;B
20240117;100005;163.310000000;10;9411044379;B
20240117;100005;163.310000000;10;9411044380;B
20240117;100005;163.300000000;20;9411044421;S
20240117;100005;163.300000000;10;9411044432;S
20240117;100005;163.310000000;10;9411044438;B
20240117;100005;163.310000000;10;9411044443;B
20240117;100005;163.310000000;10;9411044445;B
20240117;100005;163.310000000;20;9411044450;B
20240117;100005;163.300000000;20;9411044683;S
20240117;100005;163.300000000;10;9411044687;S
20240117;100005;163.310000000;10;9411044693;B
20240117;100005;163.310000000;10;9411044694;B
20240117;100005;163.310000000;10;9411044696;B
20240117;100005;163.300000000;10;9411044698;S
20240117;100005;163.300000000;10;9411044699;S
20240117;100005;163.310000000;10;9411044702;B
20240117;100005;163.300000000;10;9411044705;S
20240117;100005;163.310000000;10;9411044707;B
20240117;100005;163.310000000;10;9411044708;B
20240117;100005;163.310000000;10;9411044709;B
20240117;100005;163.310000000;10;9411044958;B
20240117;100005;163.310000000;10;9411044961;B
20240117;100005;163.300000000;10;9411044980;S
20240117;100005;163.310000000;10;9411045209;B
20240117;100005;163.310000000;70;9411045211;B
20240117;100005;163.330000000;110;9411045212;B
20240117;100005;163.300000000;60;9411045215;S
20240117;100005;163.330000000;1300;9411045218;B
20240117;100005;163.320000000;10;9411045219;B
20240117;100005;163.310000000;10;9411045293;S
20240117;100005;163.310000000;1600;9411045390;S
20240117;100005;163.310000000;20;9411045484;S
20240117;100005;163.310000000;10;9411045485;S
20240117;100005;163.340000000;210;9411045487;B
20240117;100005;163.340000000;210;9411045488;B
20240117;100005;163.310000000;10;9411045489;S
20240117;100006;163.340000000;10;9411045765;B
20240117;100006;163.340000000;10;9411045780;B
20240117;100006;163.310000000;300;9411045848;S
20240117;100006;163.340000000;70;9411045899;B
20240117;100006;163.340000000;110;9411045900;B
20240117;100006;163.340000000;10;9411045901;B
20240117;100006;163.340000000;10;9411045965;B
20240117;100006;163.310000000;10;9411045966;S
20240117;100006;163.340000000;10;9411045967;B
20240117;100006;163.320000000;10;9411046127;B
20240117;100006;163.320000000;10;9411046128;B
20240117;100006;163.310000000;10;9411046129;S
20240117;100006;163.310000000;10;9411046130;S
20240117;100006;163.310000000;20;9411046235;S
20240117;100006;163.310000000;80;9411046574;S
20240117;100006;163.310000000;60;9411046581;S
20240117;100006;163.300000000;40;9411046582;S
20240117;100006;163.310000000;10;9411046661;S
20240117;100006;163.320000000;10;9411046662;B
20240117;100007;163.310000000;150;9411046824;S
20240117;100007;163.340000000;10;9411046825;B
20240117;100007;163.310000000;10;9411046826;S
20240117;100007;163.310000000;10;9411046827;S
20240117;100007;163.340000000;10;9411046829;B
20240117;100007;163.320000000;10;9411046960;B
20240117;100007;163.320000000;10;9411047042;B
20240117;100007;163.320000000;20;9411047043;B
20240117;100007;163.330000000;10;9411047044;B
20240117;100007;163.330000000;10;9411047045;B
20240117;100007;163.330000000;30;9411047046;B
20240117;100007;163.330000000;20;9411047047;B
20240117;100007;163.330000000;10;9411047048;B
20240117;100007;163.310000000;10;9411047049;S
20240117;100007;163.330000000;170;9411047050;B
20240117;100007;163.340000000;10;9411047258;B
20240117;100007;163.340000000;40;9411047342;B
20240117;100007;163.350000000;10;9411047343;B
20240117;100007;163.350000000;10;9411047344;B
20240117;100007;163.310000000;10;9411047345;S
20240117;100008;163.310000000;50;9411047556;S
20240117;100008;163.310000000;20;9411047632;S
20240117;100008;163.310000000;100;9411047918;S
20240117;100009;163.310000000;10;9411048085;S
20240117;100010;163.340000000;20;9411048371;B
20240117;100010;163.310000000;110;9411048396;S
20240117;100010;163.340000000;170;9411048432;B
20240117;100010;163.340000000;10;9411048473;B
20240117;100010;163.340000000;10;9411048497;B
20240117;100010;163.340000000;90;9411048498;B
20240117;100010;163.350000000;10;9411048520;B
20240117;100010;163.350000000;70;9411048526;B
20240117;100010;163.350000000;50;9411048527;B
20240117;100010;163.320000000;30;9411048541;S
20240117;100010;163.320000000;10;9411048547;B
20240117;100010;163.320000000;20;9411048622;B
20240117;100010;163.320000000;40;9411048631;B
20240117;100010;163.320000000;60;9411048632;B
20240117;100010;163.320000000;10;9411048675;B
20240117;100010;163.320000000;20;9411048676;B
20240117;100011;163.310000000;600;9411048891;S
20240117;100012;163.320000000;10;9411049205;B
20240117;100012;163.320000000;60;9411049206;B
20240117;100014;163.320000000;240;9411049878;B
20240117;100014;163.320000000;100;9411049879;B
20240117;100014;163.320000000;40;9411049880;B
20240117;100014;163.310000000;50;9411049934;S
20240117;100016;163.310000000;10;9411050434;S
20240117;100019;163.320000000;10;9411050967;B
20240117;100020;163.310000000;990;9411051108;S
20240117;100020;163.310000000;10;9411051109;S
20240117;100020;163.310000000;1000;9411051110;S
20240117;100020;163.310000000;240;9411051116;S
20240117;100020;163.310000000;60;9411051117;S
20240117;100021;163.320000000;50;9411051315;B
20240117;100021;163.320000000;200;9411051316;B
20240117;100021;163.320000000;100;9411051317;B
20240117;100021;163.320000000;300;9411051318;B
20240117;100021;163.320000000;100;9411051319;B
20240117;100021;163.320000000;1000;9411051320;B
20240117;100021;163.320000000;100;9411051321;B
20240117;100021;163.320000000;100;9411051322;B
20240117;100021;163.320000000;400;9411051323;B
20240117;100021;163.350000000;210;9411051324;B
20240117;100021;163.360000000;210;9411051325;B
20240117;100021;163.360000000;220;9411051326;B
20240117;100021;163.360000000;300;9411051327;B
20240117;100021;163.370000000;210;9411051328;B
20240117;100021;163.380000000;230;9411051329;B
20240117;100021;163.380000000;210;9411051330;B
20240117;100021;163.390000000;210;9411051331;B
20240117;100021;163.390000000;1840;9411051332;B
20240117;100021;163.400000000;10;9411051333;B
20240117;100022;163.360000000;10;9411051636;B
20240117;100022;163.360000000;10;9411051642;B
20240117;100024;163.320000000;10;9411052077;B
20240117;100029;163.320000000;20;9411053634;S
20240117;100029;163.300000000;10;9411053635;S
20240117;100030;163.310000000;260;9411053837;S
20240117;100032;163.360000000;210;9411054722;B
20240117;100032;163.360000000;170;9411054723;B
20240117;100032;163.310000000;100;9411054754;S
20240117;100032;163.310000000;100;9411054758;S
20240117;100034;163.310000000;30;9411055310;S
20240117;100035;163.310000000;300;9411055363;S
20240117;100035;163.310000000;200;9411055427;S
20240117;100035;163.310000000;300;9411055428;S
20240117;100035;163.310000000;700;9411055429;S
20240117;100035;163.310000000;100;9411055432;S
20240117;100035;163.350000000;20;9411055552;B
20240117;100035;163.310000000;200;9411055557;S
20240117;100035;163.310000000;110;9411055558;S
20240117;100038;163.310000000;110;9411055982;B
20240117;100038;163.310000000;10;9411056057;B
20240117;100038;163.300000000;10;9411056113;S
20240117;100039;163.300000000;140;9411056455;S
20240117;100041;163.300000000;100;9411057119;S
20240117;100041;163.300000000;200;9411057120;S
20240117;100041;163.300000000;200;9411057121;S
20240117;100041;163.300000000;200;9411057141;S
20240117;100041;163.310000000;70;9411057164;B
20240117;100041;163.310000000;200;9411057165;B
20240117;100041;163.310000000;230;9411057166;B
20240117;100041;163.300000000;100;9411057195;S
20240117;100041;163.300000000;100;9411057207;S
20240117;100045;163.310000000;70;9411058081;B
20240117;100045;163.310000000;30;9411058082;B
20240117;100045;163.300000000;20;9411058095;S
20240117;100045;163.300000000;100;9411058125;S
20240117;100045;163.300000000;100;9411058159;S
20240117;100045;163.300000000;100;9411058160;S
20240117;100045;163.300000000;100;9411058168;S
20240117;100045;163.300000000;100;9411058247;S
20240117;100045;163.300000000;100;9411058251;S
20240117;100045;163.300000000;100;9411058282;S
20240117;100046;163.300000000;100;9411058494;S
20240117;100046;163.300000000;300;9411058532;S
20240117;100046;163.300000000;100;9411058537;S
20240117;100046;163.300000000;100;9411058539;S
20240117;100047;163.310000000;70;9411058603;B
20240117;100047;163.310000000;60;9411058604;B
20240117;100047;163.300000000;100;9411058655;S
20240117;100047;163.300000000;100;9411058670;S
20240117;100047;163.300000000;10;9411058678;S
20240117;100047;163.310000000;10;9411058802;B
20240117;100048;163.300000000;200;9411058999;S
20240117;100048;163.300000000;100;9411059001;S
20240117;100048;163.300000000;200;9411059002;S
20240117;100048;163.300000000;100;9411059003;S
20240117;100048;163.300000000;100;9411059004;S
20240117;100048;163.300000000;100;9411059005;S
20240117;100048;163.300000000;200;9411059006;S
20240117;100048;163.300000000;200;9411059007;S
20240117;100048;163.300000000;100;9411059008;S
20240117;100048;163.300000000;200;9411059009;S
20240117;100048;163.300000000;100;9411059010;S
20240117;100048;163.300000000;100;9411059014;S
20240117;100048;163.300000000;100;9411059015;S
20240117;100049;163.310000000;130;9411059121;B
20240117;100049;163.310000000;70;9411059122;B
20240117;100053;163.300000000;10;9411059818;S
20240117;100053;163.300000000;100;9411059881;S
20240117;100053;163.300000000;100;9411059885;S
20240117;100053;163.300000000;100;9411059897;S
20240117;100053;163.300000000;100;9411059907;S
20240117;100053;163.300000000;150;9411059915;S
20240117;100054;163.300000000;100;9411060049;S
20240117;100054;163.300000000;100;9411060063;S
20240117;100054;163.300000000;100;9411060064;S
20240117;100054;163.300000000;100;9411060066;S
20240117;100054;163.300000000;100;9411060072;S
20240117;100054;163.300000000;6760;9411060086;S
20240117;100054;163.300000000;90;9411060230;S
20240117;100054;163.300000000;10;9411060231;S
20240117;100054;163.300000000;100;9411060286;S
20240117;100055;163.300000000;100;9411060294;S
20240117;100055;163.300000000;100;9411060295;S
20240117;100055;163.300000000;100;9411060296;S
20240117;100055;163.300000000;90;9411060297;S
20240117;100055;163.300000000;10;9411060298;S
20240117;100055;163.300000000;140;9411060299;S
20240117;100055;163.300000000;40;9411060300;S
20240117;100055;163.300000000;10;9411060301;S
20240117;100055;163.270000000;10;9411060302;S
20240117;100055;163.260000000;10;9411060305;S
20240117;100055;163.250000000;10;9411060306;S
20240117;100055;163.250000000;90;9411060404;B
20240117;100055;163.260000000;90;9411060405;B
20240117;100055;163.260000000;130;9411060406;B
20240117;100055;163.260000000;100;9411060407;B
20240117;100055;163.260000000;100;9411060408;B
20240117;100055;163.260000000;100;9411060409;B
20240117;100055;163.250000000;100;9411060440;S
20240117;100055;163.250000000;100;9411060489;S
20240117;100055;163.250000000;100;9411060497;S
20240117;100056;163.250000000;100;9411060554;S
20240117;100056;163.250000000;100;9411060626;S
20240117;100056;163.250000000;100;9411060659;S
20240117;100057;163.250000000;100;9411060751;S
20240117;100057;163.310000000;20;9411060917;B
20240117;100058;163.300000000;30;9411061059;S
20240117;100058;163.250000000;70;9411061060;S
20240117;100058;163.250000000;230;9411061061;S
20240117;100059;163.250000000;100;9411061103;S
20240117;100059;163.250000000;70;9411061104;S
20240117;100059;163.250000000;130;9411061105;S
20240117;100059;163.240000000;170;9411061106;S
20240117;100059;163.250000000;200;9411061107;S
20240117;100059;163.250000000;10;9411061269;S
20240117;100100;163.250000000;70;9411061334;S
20240117;100100;163.250000000;30;9411061416;S
20240117;100101;163.300000000;500;9411061803;B
20240117;100101;163.240000000;80;9411061805;S
20240117;100101;163.240000000;10;9411061806;S
20240117;100101;163.240000000;210;9411061807;S
20240117;100101;163.240000000;200;9411061808;S
20240117;100101;163.240000000;100;9411061809;S
20240117;100101;163.240000000;200;9411061810;S
20240117;100101;163.240000000;70;9411061811;S
20240117;100103;163.240000000;20;9411062113;B
20240117;100103;163.240000000;10;9411062184;B
20240117;100103;163.230000000;10;9411062222;S
20240117;100103;163.230000000;220;9411062223;S
20240117;100103;163.230000000;6820;9411062224;S
20240117;100103;163.230000000;7050;9411062226;S
20240117;100103;163.230000000;10;9411062230;S
20240117;100106;163.240000000;60;9411062828;B
20240117;100108;163.240000000;10;9411063236;B
20240117;100110;163.230000000;2760;9411063679;S
20240117;100113;163.230000000;4370;9411064132;S
20240117;100113;163.240000000;10;9411064176;B
20240117;100116;163.240000000;10;9411064624;B
20240117;100117;163.240000000;10;9411064913;B
20240117;100117;163.240000000;10;9411064914;B
20240117;100118;163.230000000;150;9411065209;S
20240117;100119;163.240000000;30;9411065438;B
20240117;100120;163.230000000;30;9411065483;S
20240117;100123;163.230000000;1000;9411065866;S
20240117;100125;163.230000000;70;9411066562;S
20240117;100125;163.230000000;10;9411066634;S
20240117;100127;163.230000000;420;9411067053;S
20240117;100128;163.230000000;250;9411067170;S
20240117;100128;163.230000000;200;9411067171;S
20240117;100129;163.230000000;1590;9411067437;S
20240117;100130;163.230000000;1000;9411067560;S
20240117;100130;163.230000000;1000;9411067561;S
20240117;100130;163.230000000;1000;9411067562;S
20240117;100130;163.230000000;1000;9411067564;S
20240117;100130;163.230000000;300;9411067565;S
20240117;100131;163.230000000;100;9411067691;S
20240117;100131;163.230000000;3000;9411067697;S
20240117;100131;163.240000000;60;9411067730;B
20240117;100131;163.240000000;100;9411067731;B
20240117;100131;163.240000000;900;9411067732;B
20240117;100131;163.240000000;150;9411067733;B
20240117;100131;163.240000000;500;9411067734;B
20240117;100131;163.240000000;1270;9411067735;B
20240117;100131;163.240000000;50;9411067736;B
20240117;100131;163.240000000;160;9411067737;B
20240117;100131;163.240000000;400;9411067738;B
20240117;100131;163.240000000;2000;9411067739;B
20240117;100131;163.240000000;300;9411067740;B
20240117;100131;163.240000000;20;9411067753;S
20240117;100131;163.240000000;1500;9411067835;S
20240117;100132;163.240000000;90;9411067913;S
20240117;100132;163.250000000;100;9411067985;B
20240117;100132;163.250000000;300;9411067986;B
20240117;100132;163.250000000;100;9411067987;S
20240117;100132;163.250000000;100;9411067988;S
20240117;100133;163.240000000;100;9411068142;S
20240117;100134;163.240000000;140;9411068404;S
20240117;100135;163.240000000;10;9411068546;S
20240117;100136;163.250000000;10;9411068584;B
20240117;100136;163.240000000;100;9411068585;S
20240117;100136;163.240000000;20;9411068654;S
20240117;100138;163.250000000;10;9411068989;B
20240117;100139;163.250000000;10;9411069121;B
20240117;100139;163.250000000;770;9411069160;B
20240117;100139;163.250000000;100;9411069161;B
20240117;100150;163.260000000;10;9411070966;B
20240117;100153;163.250000000;20;9411071607;S
20240117;100153;163.260000000;90;9411071641;B
20240117;100155;163.250000000;250;9411072020;S
20240117;100155;163.250000000;100;9411072089;S
20240117;100155;163.250000000;100;9411072090;S
20240117;100155;163.250000000;100;9411072091;S
20240117;100200;163.260000000;500;9411072819;B
20240117;100200;163.250000000;100;9411072853;S
20240117;100200;163.250000000;460;9411072865;S
20240117;100200;163.250000000;100;9411072866;S
20240117;100200;163.250000000;10;9411072867;S
20240117;100200;163.250000000;30;9411072868;S
20240117;100201;163.250000000;100;9411072902;S
20240117;100203;163.250000000;530;9411073429;B
20240117;100203;163.260000000;170;9411073430;B
20240117;100204;163.250000000;100;9411073506;B
20240117;100204;163.250000000;400;9411073600;S
20240117;100204;163.250000000;100;9411073636;S
20240117;100204;163.250000000;100;9411073637;S
20240117;100204;163.250000000;30;9411073641;S
20240117;100205;163.240000000;120;9411073795;S
20240117;100206;163.250000000;70;9411073896;B
20240117;100206;163.250000000;550;9411073897;B
20240117;100206;163.250000000;100;9411073898;B
20240117;100208;163.260000000;100;9411074324;B
20240117;100212;163.250000000;10;9411075446;S
20240117;100214;163.260000000;20;9411075610;B
20240117;100219;163.260000000;10;9411076471;B
20240117;100221;163.260000000;30;9411076710;B
20240117;100221;163.260000000;490;9411076849;B
20240117;100225;163.250000000;270;9411077410;S
20240117;100225;163.250000000;30;9411077411;S
20240117;100226;163.260000000;10;9411077585;B
20240117;100226;163.260000000;150;9411077645;B
20240117;100229;163.250000000;20;9411078057;S
20240117;100232;163.260000000;10;9411078559;B
20240117;100232;163.260000000;210;9411078560;B
20240117;100232;163.270000000;210;9411078561;B
20240117;100232;163.280000000;70;9411078562;B
20240117;100233;163.250000000;70;9411078641;S
20240117;100235;163.270000000;160;9411079013;B
20240117;100244;163.260000000;10;9411080371;S
20240117;100244;163.250000000;1000;9411080372;S
20240117;100244;163.250000000;500;9411080373;S
20240117;100244;163.250000000;10;9411080374;S
20240117;100244;163.250000000;10;9411080375;S
20240117;100244;163.250000000;60;9411080376;S
20240117;100244;163.250000000;10;9411080377;S
20240117;100248;163.250000000;200;9411080917;B
20240117;100249;163.240000000;250;9411081011;S
20240117;100252;163.240000000;10;9411081445;S
20240117;100253;163.240000000;60;9411081578;S
20240117;100254;163.250000000;210;9411081724;B
20240117;100254;163.250000000;290;9411081725;B
20240117;100257;163.240000000;10;9411082293;S
20240117;100257;163.250000000;710;9411082344;B
20240117;100257;163.250000000;290;9411082345;B
20240117;100258;163.250000000;10;9411082412;B
20240117;100258;163.240000000;90;9411082456;S
20240117;100301;163.240000000;1000;9411082935;S
20240117;100302;163.240000000;10;9411083053;S
20240117;100304;163.240000000;130;9411083377;S
20240117;100304;163.250000000;500;9411083476;B
20240117;100304;163.250000000;140;9411083532;B
20240117;100306;163.250000000;30;9411083863;B
20240117;100307;163.250000000;30;9411084111;B
20240117;100307;163.240000000;100;9411084117;S
20240117;100312;163.240000000;350;9411084856;S
20240117;100312;163.240000000;50;9411084857;S
20240117;100312;163.240000000;70;9411084858;S
20240117;100312;163.250000000;10;9411084914;B
20240117;100313;163.240000000;630;9411084946;S
20240117;100313;163.240000000;60;9411084947;S
20240117;100313;163.240000000;10;9411084948;S
20240117;100313;163.240000000;20;9411084949;S
20240117;100313;163.230000000;990;9411084950;S
20240117;100313;163.240000000;280;9411085058;B
20240117;100313;163.240000000;720;9411085059;B
20240117;100314;163.230000000;10;9411085087;S
20240117;100314;163.240000000;10;9411085252;B
20240117;100315;163.240000000;270;9411085265;B
20240117;100316;163.240000000;10;9411085600;S
20240117;100317;163.240000000;30;9411085867;S
20240117;100317;163.250000000;490;9411085874;B
20240117;100317;163.250000000;40;9411085875;B
20240117;100317;163.250000000;470;9411085876;B
20240117;100318;163.250000000;30;9411085940;B
20240117;100319;163.250000000;10;9411086150;B
20240117;100320;163.250000000;90;9411086226;B
20240117;100320;163.250000000;910;9411086227;B
20240117;100320;163.250000000;10;9411086229;B
20240117;100320;163.240000000;10;9411086262;S
20240117;100324;163.250000000;10;9411086798;B
20240117;100325;163.240000000;180;9411086915;S
20240117;100325;163.240000000;300;9411086916;S
20240117;100325;163.240000000;1930;9411086917;S
20240117;100326;163.250000000;500;9411087006;B
20240117;100326;163.250000000;30;9411087053;B
20240117;100326;163.250000000;20;9411087092;B
20240117;100327;163.250000000;10;9411087223;B
20240117;100328;163.250000000;60;9411087263;B
20240117;100328;163.250000000;100;9411087305;B
20240117;100330;163.250000000;350;9411087454;B
20240117;100330;163.250000000;200;9411087455;B
20240117;100330;163.250000000;200;9411087456;B
20240117;100330;163.250000000;100;9411087457;S
20240117;100332;163.250000000;700;9411087848;B
20240117;100332;163.250000000;1000;9411087849;B
20240117;100332;163.260000000;1100;9411087866;S
20240117;100332;163.260000000;1000;9411087867;S
20240117;100332;163.260000000;640;9411087868;S
20240117;100333;163.260000000;260;9411087979;B
20240117;100334;163.250000000;200;9411088197;S
20240117;100337;163.280000000;90;9411088895;B
20240117;100338;163.260000000;1840;9411088998;S
20240117;100338;163.250000000;100;9411088999;S
20240117;100338;163.250000000;2060;9411089000;S
20240117;100341;163.280000000;10;9411089345;S
20240117;100341;163.250000000;30;9411089346;S
20240117;100341;163.250000000;960;9411089347;S
20240117;100341;163.250000000;10;9411089363;S
20240117;100341;163.240000000;10;9411089364;S
20240117;100348;163.250000000;10;9411090311;S
20240117;100350;163.280000000;10;9411090549;B
20240117;100350;163.290000000;1090;9411090550;B
20240117;100354;163.300000000;10;9411091388;B
20240117;100357;163.300000000;30;9411091958;B
20240117;100401;163.280000000;10;9411092514;S
20240117;100401;163.270000000;20;9411092515;S
20240117;100401;163.270000000;30;9411092629;S
20240117;100402;163.300000000;170;9411092783;B
20240117;100402;163.300000000;120;9411092784;B
20240117;100406;163.310000000;520;9411093445;S
20240117;100407;163.310000000;10;9411093551;S
20240117;100408;163.310000000;100;9411093735;S
20240117;100410;163.340000000;10;9411093995;B
20240117;100410;163.340000000;200;9411094032;B
20240117;100410;163.340000000;300;9411094033;B
20240117;100410;163.350000000;200;9411094034;B
20240117;100414;163.340000000;10;9411094546;B
20240117;100417;163.340000000;10;9411094945;B
20240117;100418;163.320000000;10;9411095137;S
20240117;100419;163.340000000;190;9411095262;B
20240117;100419;163.340000000;160;9411095263;B
20240117;100423;163.330000000;210;9411096020;B
20240117;100425;163.330000000;210;9411096335;B
20240117;100425;163.340000000;790;9411096336;B
20240117;100426;163.330000000;40;9411096551;B
20240117;100427;163.330000000;170;9411096733;B
20240117;100427;163.340000000;1050;9411096734;B
20240117;100427;163.340000000;210;9411096735;B
20240117;100427;163.340000000;30;9411096753;S
20240117;100429;163.340000000;540;9411096944;S
20240117;100429;163.340000000;10;9411096945;S
20240117;100429;163.330000000;1920;9411096946;S
20240117;100431;163.350000000;10;9411097253;B
20240117;100432;163.340000000;20;9411097330;B
20240117;100435;163.340000000;10;9411097937;B
20240117;100438;163.340000000;30;9411098317;B
20240117;100438;163.340000000;150;9411098365;B
20240117;100439;163.340000000;10;9411098579;B
20240117;100442;163.320000000;140;9411099075;S
20240117;100442;163.330000000;150;9411099175;S
20240117;100444;163.340000000;150;9411099361;B
20240117;100445;163.340000000;10;9411099477;B
20240117;100447;163.340000000;10;9411099800;B
20240117;100448;163.340000000;30;9411100061;B
20240117;100450;163.350000000;500;9411100396;B
20240117;100450;163.350000000;210;9411100397;B
20240117;100450;163.360000000;210;9411100398;B
20240117;100450;163.370000000;400;9411100399;B
20240117;100450;163.370000000;210;9411100400;B
20240117;100450;163.370000000;120;9411100401;B
20240117;100450;163.370000000;300;9411100402;B
20240117;100450;163.380000000;210;9411100403;B
20240117;100450;163.380000000;1020;9411100404;B
20240117;100450;163.390000000;210;9411100405;B
20240117;100450;163.390000000;1610;9411100406;B
20240117;100452;163.380000000;10;9411100856;B
20240117;100456;163.370000000;10;9411101708;S
20240117;100457;163.390000000;200;9411101828;B
20240117;100458;163.390000000;10;9411101894;B
20240117;100458;163.370000000;1830;9411102022;S
20240117;100500;163.370000000;10;9411102258;B
20240117;100500;163.360000000;10;9411102339;S
20240117;100500;163.350000000;10;9411102340;S
20240117;100501;163.380000000;30;9411102457;B
20240117;100504;163.350000000;10;9411102956;S
20240117;100504;163.380000000;10;9411102987;B
20240117;100505;163.380000000;170;9411103076;B
20240117;100505;163.380000000;300;9411103077;B
20240117;100505;163.390000000;100;9411103078;B
20240117;100505;163.390000000;210;9411103079;B
20240117;100505;163.390000000;70;9411103080;B
20240117;100505;163.380000000;10;9411103108;B
20240117;100505;163.380000000;290;9411103142;B
20240117;100505;163.380000000;210;9411103143;B
20240117;100505;163.380000000;300;9411103144;S
20240117;100505;163.380000000;100;9411103145;S
20240117;100507;163.380000000;10;9411103479;S
20240117;100514;163.380000000;3090;9411104557;S
20240117;100514;163.380000000;2300;9411104558;S
20240117;100515;163.380000000;10;9411104583;B
20240117;100516;163.350000000;10;9411104786;S
20240117;100518;163.380000000;20;9411105036;B
20240117;100519;163.380000000;10;9411105134;B
20240117;100520;163.380000000;10;9411105361;B
20240117;100520;163.380000000;80;9411105479;B
20240117;100520;163.380000000;210;9411105480;B
20240117;100520;163.380000000;200;9411105481;B
20240117;100520;163.380000000;300;9411105482;B
20240117;100520;163.390000000;210;9411105483;B
20240117;100520;163.390000000;480;9411105484;B
20240117;100520;163.390000000;100;9411105485;B
20240117;100520;163.400000000;20;9411105486;B
20240117;100520;163.400000000;210;9411105487;B
20240117;100520;163.400000000;1500;9411105488;B
20240117;100520;163.400000000;3690;9411105489;B
20240117;100521;163.390000000;210;9411105532;B
20240117;100521;163.390000000;90;9411105533;B
20240117;100523;163.350000000;10;9411105883;S
20240117;100523;163.390000000;10;9411105952;B
20240117;100523;163.350000000;290;9411106028;S
20240117;100523;163.350000000;10;9411106029;S
20240117;100523;163.340000000;300;9411106030;S
20240117;100525;163.400000000;300;9411106330;B
20240117;100529;163.380000000;20;9411106773;B
20240117;100530;163.380000000;10;9411106965;B
20240117;100531;163.380000000;20;9411107214;B
20240117;100531;163.400000000;10;9411107215;B
20240117;100532;163.400000000;1000;9411107311;B
20240117;100534;163.400000000;200;9411107779;B
20240117;100534;163.400000000;10;9411107933;B
20240117;100534;163.400000000;50;9411107934;B
20240117;100539;163.380000000;1280;9411108610;S
20240117;100539;163.400000000;1950;9411108633;B
20240117;100539;163.400000000;1000;9411108634;B
20240117;100539;163.400000000;50;9411108635;B
20240117;100542;163.420000000;30;9411109010;B
20240117;100542;163.420000000;180;9411109011;B
20240117;100542;163.420000000;300;9411109012;B
20240117;100542;163.420000000;100;9411109013;B
20240117;100542;163.430000000;210;9411109014;B
20240117;100542;163.430000000;190;9411109015;B
20240117;100542;163.440000000;110;9411109016;B
20240117;100544;163.420000000;10;9411109285;B
20240117;100546;163.400000000;30;9411109559;S
20240117;100546;163.380000000;720;9411109560;S
20240117;100546;163.380000000;40;9411109561;S
20240117;100548;163.400000000;200;9411109854;S
20240117;100548;163.400000000;500;9411109855;S
20240117;100548;163.400000000;300;9411109856;S
20240117;100550;163.420000000;100;9411110149;B
20240117;100551;163.400000000;10;9411110274;S
20240117;100551;163.400000000;80;9411110275;S
20240117;100552;163.420000000;10;9411110360;B
20240117;100553;163.400000000;100;9411110489;S
20240117;100554;163.400000000;10;9411110742;S
20240117;100556;163.420000000;90;9411111094;B
20240117;100556;163.420000000;70;9411111095;B
20240117;100556;163.400000000;100;9411111135;S
20240117;100556;163.400000000;3200;9411111136;S
20240117;100557;163.340000000;10;9411111159;S
20240117;100559;163.390000000;10;9411111579;B
20240117;100603;163.370000000;20;9411112187;B
20240117;100607;163.370000000;10;9411112794;B
20240117;100611;163.350000000;300;9411113366;S
20240117;100611;163.350000000;890;9411113367;S
20240117;100612;163.370000000;10;9411113411;B
20240117;100613;163.350000000;950;9411113622;S
20240117;100613;163.350000000;50;9411113623;S
20240117;100616;163.370000000;10;9411114009;B
20240117;100617;163.370000000;10;9411114088;B
20240117;100637;163.370000000;240;9411117091;B
20240117;100637;163.370000000;160;9411117092;B
20240117;100638;163.370000000;10;9411117169;B
20240117;100639;163.370000000;10;9411117438;B
20240117;100640;163.370000000;10;9411117451;B
20240117;100640;163.360000000;50;9411117510;S
20240117;100640;163.360000000;500;9411117511;S
20240117;100640;163.360000000;450;9411117512;S
20240117;100643;163.370000000;10;9411117873;B
20240117;100649;163.360000000;100;9411118713;S
20240117;100651;163.370000000;30;9411119001;B
20240117;100653;163.360000000;40;9411119244;B
20240117;100656;163.350000000;30;9411119629;S
20240117;100656;163.350000000;40;9411119630;S
20240117;100656;163.340000000;30;9411119631;S
20240117;100656;163.340000000;100;9411119632;S
20240117;100656;163.340000000;800;9411119633;S
20240117;100656;163.340000000;900;9411119634;S
20240117;100656;163.340000000;100;9411119635;S
20240117;100656;163.340000000;1200;9411119702;S
20240117;100656;163.340000000;100;9411119751;S
20240117;100657;163.340000000;500;9411119918;S
20240117;100700;163.340000000;590;9411120353;S
20240117;100700;163.340000000;100;9411120354;S
20240117;100700;163.340000000;590;9411120358;S
20240117;100700;163.340000000;590;9411120440;S
20240117;100700;163.340000000;60;9411120442;S
20240117;100700;163.340000000;20;9411120443;S
20240117;100700;163.340000000;10;9411120444;S
20240117;100700;163.340000000;100;9411120445;S
20240117;100700;163.330000000;600;9411120462;S
20240117;100700;163.330000000;780;9411120463;S
20240117;100700;163.330000000;10;9411120464;S
20240117;100700;163.310000000;10;9411120479;S
20240117;100700;163.300000000;610;9411120493;S
20240117;100700;163.300000000;100;9411120495;S
20240117;100700;163.300000000;10;9411120496;S
20240117;100700;163.300000000;10;9411120497;S
20240117;100700;163.280000000;210;9411120503;S
20240117;100700;163.280000000;10;9411120504;S
20240117;100700;163.280000000;10;9411120505;S
20240117;100700;163.280000000;760;9411120506;S
20240117;100700;163.280000000;40;9411120507;S
20240117;100700;163.280000000;210;9411120508;S
20240117;100700;163.270000000;210;9411120509;S
20240117;100700;163.270000000;70;9411120510;S
20240117;100701;163.270000000;30;9411120559;S
20240117;100701;163.260000000;10;9411120605;S
20240117;100701;163.260000000;210;9411120606;S
20240117;100701;163.250000000;100;9411120607;S
20240117;100701;163.250000000;460;9411120608;S
20240117;100701;163.270000000;320;9411120788;B
20240117;100702;163.260000000;300;9411120812;S
20240117;100702;163.260000000;200;9411120813;S
20240117;100702;163.260000000;800;9411120814;S
20240117;100702;163.260000000;100;9411120815;S
20240117;100702;163.270000000;40;9411120835;B
20240117;100706;163.260000000;300;9411121332;S
20240117;100706;163.260000000;1000;9411121333;S
20240117;100706;163.260000000;930;9411121334;S
20240117;100706;163.250000000;1330;9411121335;S
20240117;100708;163.270000000;10;9411121523;B
20240117;100709;163.260000000;10;9411121649;S
20240117;100710;163.270000000;10;9411121853;B
20240117;100711;163.260000000;990;9411121898;S
20240117;100711;163.260000000;300;9411121899;S
20240117;100711;163.260000000;1000;9411121900;S
20240117;100711;163.250000000;210;9411121901;S
20240117;100711;163.250000000;210;9411121902;S
20240117;100711;163.250000000;20;9411121903;S
20240117;100711;163.250000000;460;9411121904;S
20240117;100711;163.250000000;810;9411121905;S
20240117;100714;163.260000000;60;9411122258;S
20240117;100714;163.270000000;20;9411122267;B
20240117;100715;163.270000000;720;9411122367;B
20240117;100715;163.280000000;10;9411122383;B
20240117;100715;163.280000000;20;9411122412;B
20240117;100719;163.280000000;770;9411122962;B
20240117;100719;163.280000000;770;9411122963;B
20240117;100719;163.280000000;770;9411122964;B
20240117;100721;163.270000000;20;9411123225;S
20240117;100721;163.260000000;300;9411123226;S
20240117;100721;163.260000000;230;9411123227;S
20240117;100721;163.260000000;50;9411123228;S
20240117;100721;163.260000000;1400;9411123229;B
20240117;100721;163.260000000;800;9411123230;B
20240117;100723;163.310000000;30;9411123509;B
20240117;100723;163.310000000;770;9411123525;B
20240117;100725;163.310000000;10;9411123672;B
20240117;100725;163.310000000;20;9411123730;B
20240117;100727;163.310000000;110;9411123960;B
20240117;100729;163.290000000;30;9411124273;S
20240117;100729;163.300000000;100;9411124314;S
20240117;100731;163.310000000;10;9411124597;B
20240117;100732;163.310000000;50;9411124729;B
20240117;100732;163.310000000;100;9411124882;B
20240117;100736;163.330000000;10;9411125487;B
20240117;100742;163.360000000;10;9411126357;B
20240117;100745;163.350000000;80;9411126659;B
20240117;100746;163.340000000;1050;9411126718;S
20240117;100747;163.350000000;30;9411126963;B
20240117;100747;163.350000000;10;9411127006;B
20240117;100747;163.340000000;40;9411127019;S
20240117;100749;163.350000000;10;9411127278;B
20240117;100750;163.350000000;20;9411127374;B
20240117;100751;163.350000000;10;9411127444;B
20240117;100754;163.350000000;340;9411127952;B
20240117;100758;163.350000000;50;9411128551;S
20240117;100804;163.350000000;50;9411129534;S
20240117;100806;163.360000000;200;9411129821;B
20240117;100808;163.350000000;20;9411130076;S
20240117;100810;163.350000000;10;9411130460;S
20240117;100813;163.360000000;20;9411130901;B
20240117;100814;163.350000000;20;9411130999;S
20240117;100817;163.360000000;50;9411131336;B
20240117;100829;163.360000000;210;9411133078;B
20240117;100829;163.360000000;30;9411133079;B
20240117;100829;163.370000000;320;9411133080;B
20240117;100829;163.370000000;240;9411133081;B
20240117;100829;163.360000000;210;9411133099;B
20240117;100836;163.370000000;70;9411134069;B
20240117;100836;163.370000000;60;9411134131;B
20240117;100837;163.360000000;190;9411134180;S
20240117;100837;163.370000000;80;9411134233;B
20240117;100837;163.370000000;120;9411134234;B
20240117;100838;163.370000000;50;9411134294;B
20240117;100839;163.370000000;40;9411134431;B
20240117;100839;163.370000000;10;9411134432;B
20240117;100843;163.360000000;100;9411134832;S
20240117;100843;163.370000000;10;9411134835;B
20240117;100848;163.360000000;10;9411135423;B
20240117;100852;163.360000000;200;9411135928;B
20240117;100852;163.360000000;100;9411135929;B
20240117;100853;163.360000000;20;9411136051;B
20240117;100854;163.360000000;10;9411136210;B
20240117;100858;163.360000000;10;9411136584;B
20240117;100858;163.360000000;10;9411136622;B
20240117;100900;163.350000000;50;9411136848;S
20240117;100900;163.350000000;500;9411136849;S
20240117;100900;163.350000000;10;9411136850;S
20240117;100900;163.340000000;20;9411136851;S
20240117;100900;163.330000000;20;9411136852;S
20240117;100900;163.330000000;1670;9411136853;S
20240117;100900;163.320000000;1000;9411136854;S
20240117;100900;163.310000000;20;9411136855;S
20240117;100900;163.310000000;10;9411136856;S
20240117;100900;163.310000000;320;9411136857;S
20240117;100900;163.310000000;300;9411136858;S
20240117;100900;163.300000000;50;9411136859;S
20240117;100900;163.300000000;1000;9411136860;S
20240117;100900;163.290000000;20;9411136861;S
20240117;100900;163.280000000;10;9411136862;S
20240117;100900;163.280000000;800;9411136863;S
20240117;100900;163.280000000;120;9411136864;S
20240117;100900;163.270000000;1840;9411136865;S
20240117;100900;163.270000000;1610;9411136866;S
20240117;100900;163.270000000;1840;9411136867;S
20240117;100900;163.270000000;1000;9411136868;S
20240117;100900;163.260000000;500;9411136869;S
20240117;100900;163.260000000;2140;9411136870;S
20240117;100900;163.260000000;210;9411136871;S
20240117;100900;163.260000000;1000;9411136872;S
20240117;100900;163.250000000;210;9411136873;S
20240117;100900;163.250000000;10;9411136874;S
20240117;100900;163.250000000;1000;9411136875;S
20240117;100900;163.250000000;50;9411136876;S
20240117;100900;163.250000000;2000;9411136877;S
20240117;100900;163.250000000;50;9411136878;S
20240117;100900;163.240000000;990;9411136879;S
20240117;100900;163.240000000;250;9411136880;S
20240117;100900;163.240000000;20;9411136881;S
20240117;100900;163.240000000;210;9411136882;S
20240117;100900;163.240000000;10;9411136883;S
20240117;100900;163.240000000;20;9411136884;S
20240117;100900;163.240000000;1500;9411136885;S
20240117;100900;163.240000000;1000;9411136886;S
20240117;100900;163.240000000;10;9411136887;S
20240117;100900;163.240000000;10;9411136888;S
20240117;100900;163.230000000;50600;9411136889;S
20240117;100900;163.290000000;140;9411136897;S
20240117;100900;163.260000000;60;9411136898;S
20240117;100900;163.260000000;940;9411136899;S
20240117;100900;163.260000000;140;9411136900;B
20240117;100901;163.250000000;620;9411136955;S
20240117;100902;163.280000000;150;9411137191;B
20240117;100902;163.250000000;30;9411137236;S
20240117;100905;163.270000000;10;9411137604;S
20240117;100906;163.280000000;390;9411137655;B
20240117;100906;163.280000000;260;9411137656;B
20240117;100906;163.290000000;210;9411137657;B
20240117;100906;163.300000000;330;9411137658;B
20240117;100907;163.270000000;990;9411137778;S
20240117;100907;163.270000000;1650;9411137779;S
20240117;100907;163.260000000;300;9411137780;S
20240117;100907;163.250000000;350;9411137781;S
20240117;100907;163.250000000;100;9411137782;S
20240117;100907;163.240000000;1840;9411137783;S
20240117;100907;163.240000000;60;9411137784;S
20240117;100907;163.230000000;67770;9411137785;S
20240117;100907;163.230000000;10;9411137786;S
20240117;100907;163.230000000;1000;9411137787;S
20240117;100907;163.230000000;10;9411137788;S
20240117;100907;163.230000000;10;9411137789;S
20240117;100907;163.230000000;200;9411137790;S
20240117;100907;163.220000000;10;9411137791;S
20240117;100907;163.220000000;20;9411137792;S
20240117;100907;163.220000000;10;9411137793;S
20240117;100907;163.220000000;10;9411137794;S
20240117;100907;163.220000000;10;9411137795;S
20240117;100907;163.220000000;30;9411137796;S
20240117;100907;163.220000000;100;9411137797;S
20240117;100907;163.220000000;10;9411137798;S
20240117;100907;163.220000000;10;9411137799;S
20240117;100907;163.220000000;40;9411137800;S
20240117;100907;163.220000000;10;9411137801;S
20240117;100907;163.220000000;10;9411137802;S
20240117;100907;163.220000000;10;9411137803;S
20240117;100907;163.220000000;20;9411137804;S
20240117;100907;163.220000000;30;9411137805;S
20240117;100907;163.220000000;100;9411137806;S
20240117;100907;163.220000000;70;9411137807;S
20240117;100907;163.220000000;130;9411137808;S
20240117;100907;163.220000000;30;9411137809;S
20240117;100907;163.220000000;10;9411137810;S
20240117;100907;163.230000000;120;9411137811;B
20240117;100907;163.220000000;300;9411137814;S
20240117;100907;163.220000000;70;9411137815;S
20240117;100907;163.220000000;50;9411137817;S
20240117;100907;163.220000000;30;9411137846;S
20240117;100907;163.220000000;30;9411137849;S
20240117;100908;163.220000000;850;9411137916;S
20240117;100909;163.210000000;10;9411138034;S
20240117;100909;163.210000000;10;9411138035;S
20240117;100909;163.210000000;10;9411138036;S
20240117;100909;163.210000000;40;9411138037;S
20240117;100909;163.210000000;10;9411138038;S
20240117;100909;163.210000000;550;9411138039;S
20240117;100909;163.210000000;30;9411138040;S
20240117;100909;163.210000000;10;9411138041;S
20240117;100909;163.210000000;300;9411138042;S
20240117;100909;163.210000000;30;9411138043;S
20240117;100909;163.210000000;90;9411138044;S
20240117;100910;163.200000000;10;9411138152;S
20240117;100910;163.200000000;10;9411138227;S
20240117;100911;163.200000000;10;9411138329;S
20240117;100911;163.200000000;210;9411138330;S
20240117;100911;163.200000000;20;9411138331;S
20240117;100911;163.200000000;500;9411138332;S
20240117;100911;163.200000000;10;9411138333;S
20240117;100911;163.200000000;50;9411138334;S
20240117;100911;163.200000000;320;9411138335;S
20240117;100911;163.200000000;890;9411138336;S
20240117;100911;163.190000000;10;9411138337;S
20240117;100911;163.190000000;10;9411138338;S
20240117;100911;163.180000000;100;9411138339;S
20240117;100911;163.180000000;10;9411138340;S
20240117;100911;163.180000000;10;9411138341;S
20240117;100911;163.170000000;10;9411138342;S
20240117;100911;163.160000000;10;9411138343;S
20240117;100911;163.150000000;100;9411138344;S
20240117;100911;163.150000000;10;9411138345;S
20240117;100911;163.150000000;10;9411138346;S
20240117;100911;163.150000000;380;9411138347;S
20240117;100911;163.140000000;10;9411138348;S
20240117;100911;163.140000000;10;9411138349;S
20240117;100911;163.140000000;1840;9411138350;S
20240117;100911;163.130000000;10;9411138351;S
20240117;100911;163.130000000;10;9411138352;S
20240117;100911;163.130000000;1500;9411138353;S
20240117;100911;163.130000000;800;9411138354;S
20240117;100911;163.120000000;10;9411138355;S
20240117;100911;163.120000000;10;9411138356;S
20240117;100911;163.120000000;100;9411138357;S
20240117;100911;163.120000000;1720;9411138358;S
20240117;100911;163.110000000;10;9411138359;S
20240117;100911;163.110000000;50;9411138360;S
20240117;100911;163.110000000;500;9411138361;S
20240117;100911;163.110000000;30;9411138362;S
20240117;100911;163.110000000;30;9411138363;S
20240117;100911;163.110000000;210;9411138364;S
20240117;100911;163.100000000;1000;9411138365;S
20240117;100911;163.100000000;10;9411138366;S
20240117;100911;163.100000000;10;9411138367;S
20240117;100911;163.100000000;10;9411138368;S
20240117;100911;163.100000000;60;9411138369;S
20240117;100911;163.100000000;20;9411138370;S
20240117;100911;163.100000000;10;9411138371;S
20240117;100911;163.100000000;500;9411138372;S
20240117;100911;163.100000000;150;9411138373;S
20240117;100911;163.100000000;100;9411138374;S
20240117;100911;163.100000000;10;9411138375;S
20240117;100911;163.100000000;10;9411138376;S
20240117;100911;163.100000000;210;9411138377;S
20240117;100911;163.100000000;7380;9411138378;S
20240117;100911;163.100000000;620;9411138379;S
20240117;100911;163.100000000;380;9411138380;S
20240117;100911;163.100000000;1460;9411138387;S
20240117;100911;163.090000000;10;9411138388;S
20240117;100911;163.090000000;1990;9411138389;S
20240117;100911;163.090000000;100;9411138390;S
20240117;100911;163.100000000;320;9411138391;B
20240117;100912;163.090000000;130;9411138423;S
20240117;100912;163.090000000;2000;9411138424;S
20240117;100912;163.090000000;780;9411138425;S
20240117;100912;163.090000000;220;9411138426;S
20240117;100912;163.090000000;1600;9411138427;S
20240117;100912;163.090000000;20;9411138428;S
20240117;100912;163.080000000;10;9411138443;S
20240117;100912;163.080000000;40;9411138444;S
20240117;100912;163.080000000;10;9411138472;S
20240117;100912;163.080000000;250;9411138473;S
20240117;100912;163.080000000;210;9411138474;S
20240117;100912;163.080000000;160;9411138475;S
20240117;100912;163.070000000;10;9411138476;S
20240117;100912;163.070000000;10;9411138477;S
20240117;100912;163.070000000;60;9411138478;S
20240117;100912;163.090000000;10;9411138484;B
20240117;100912;163.090000000;10;9411138488;B
20240117;100912;163.090000000;10;9411138494;B
20240117;100913;163.070000000;100;9411138599;S
20240117;100913;163.070000000;50;9411138600;S
20240117;100913;163.070000000;1950;9411138601;S
20240117;100913;163.070000000;210;9411138603;S
20240117;100913;163.070000000;200;9411138618;B
20240117;100913;163.070000000;290;9411138619;B
20240117;100913;163.070000000;310;9411138620;B
20240117;100913;163.060000000;10;9411138725;S
20240117;100913;163.060000000;210;9411138726;S
20240117;100913;163.050000000;10;9411138727;S
20240117;100913;163.050000000;10;9411138728;S
20240117;100913;163.050000000;210;9411138729;S
20240117;100913;163.050000000;140;9411138730;S
20240117;100913;163.040000000;10;9411138731;S
20240117;100913;163.040000000;10;9411138732;S
20240117;100913;163.040000000;210;9411138733;S
20240117;100913;163.040000000;180;9411138734;S
20240117;100913;163.040000000;100;9411138747;S
20240117;100913;163.040000000;110;9411138748;S
20240117;100914;163.040000000;100;9411138759;S
20240117;100914;163.040000000;210;9411138760;S
20240117;100914;163.030000000;10;9411138761;S
20240117;100914;163.030000000;210;9411138762;S
20240117;100914;163.030000000;100;9411138763;B
20240117;100914;163.030000000;100;9411138764;B
20240117;100914;163.030000000;100;9411138765;B
20240117;100914;163.030000000;100;9411138766;B
20240117;100914;163.030000000;100;9411138767;B
20240117;100914;163.030000000;100;9411138768;B
20240117;100914;163.030000000;300;9411138769;B
20240117;100914;163.030000000;100;9411138770;B
20240117;100914;163.030000000;100;9411138771;B
20240117;100914;163.060000000;1000;9411138792;S
20240117;100914;163.060000000;300;9411138793;S
20240117;100914;163.050000000;10;9411138794;S
20240117;100914;163.050000000;1840;9411138795;S
20240117;100914;163.050000000;1850;9411138796;B
20240117;100917;163.090000000;10;9411139095;B
20240117;100917;163.090000000;10;9411139208;B
20240117;100918;163.090000000;10;9411139261;B
20240117;100920;163.080000000;10;9411139518;S
20240117;100920;163.070000000;990;9411139519;S
20240117;100926;163.080000000;40;9411140132;B
20240117;100926;163.090000000;160;9411140133;B
20240117;100926;163.090000000;10;9411140147;B
20240117;100926;163.110000000;10;9411140148;B
20240117;100926;163.080000000;20;9411140155;S
20240117;100927;163.080000000;250;9411140213;S
20240117;100929;163.140000000;2000;9411140415;S
20240117;100935;163.110000000;10;9411141250;B
20240117;100935;163.110000000;90;9411141352;B
20240117;100942;163.100000000;1000;9411142168;S
20240117;100943;163.100000000;50;9411142282;S
20240117;100945;163.100000000;100;9411142402;S
20240117;100947;163.100000000;10;9411142713;S
20240117;100947;163.100000000;10;9411142714;S
20240117;100947;163.090000000;50;9411142715;S
20240117;100947;163.090000000;1610;9411142716;S
20240117;100947;163.080000000;50;9411142724;S
20240117;100947;163.070000000;320;9411142725;S
20240117;100948;163.080000000;70;9411142868;B
20240117;100950;163.080000000;230;9411143143;B
20240117;100950;163.090000000;570;9411143144;B
20240117;100952;163.080000000;10;9411143273;B
20240117;100952;163.080000000;10;9411143302;B
20240117;100958;163.080000000;10;9411144135;B
20240117;100959;163.080000000;270;9411144266;B
20240117;101000;163.080000000;10;9411144375;S
20240117;101000;163.070000000;10;9411144376;S
20240117;101000;163.070000000;10;9411144377;S
20240117;101000;163.070000000;10;9411144378;S
20240117;101000;163.070000000;70;9411144409;B
20240117;101000;163.070000000;30;9411144438;B
20240117;101000;163.060000000;300;9411144475;S
20240117;101000;163.050000000;200;9411144476;S
20240117;101001;163.070000000;10;9411144563;B
20240117;101001;163.050000000;500;9411144620;S
20240117;101002;163.070000000;1000;9411144682;B
20240117;101008;163.050000000;20;9411145284;S
20240117;101011;163.060000000;100;9411145957;B
20240117;101013;163.050000000;10;9411146082;S
20240117;101014;163.050000000;3000;9411146175;S
20240117;101016;163.060000000;30;9411146417;B
20240117;101016;163.060000000;20;9411146433;B
20240117;101016;163.070000000;170;9411146484;B
20240117;101016;163.080000000;10;9411146485;B
20240117;101016;163.080000000;300;9411146486;B
20240117;101016;163.080000000;1000;9411146487;B
20240117;101017;163.080000000;600;9411146563;S
20240117;101018;163.080000000;2920;9411146808;S
20240117;101018;163.080000000;10;9411146809;S
20240117;101018;163.050000000;270;9411146810;S
20240117;101018;163.050000000;300;9411146811;S
20240117;101018;163.050000000;10;9411146812;S
20240117;101018;163.050000000;10;9411146813;S
20240117;101018;163.050000000;10;9411146814;S
20240117;101018;163.050000000;10;9411146815;S
20240117;101018;163.050000000;1460;9411146816;S
20240117;101021;163.060000000;10;9411147169;B
20240117;101023;163.050000000;10;9411147390;S
20240117;101023;163.050000000;10;9411147391;S
20240117;101027;163.060000000;490;9411147801;B
20240117;101027;163.060000000;300;9411147802;B
20240117;101027;163.090000000;10;9411147803;B
20240117;101027;163.090000000;60;9411147804;B
20240117;101027;163.090000000;140;9411147805;B
20240117;101027;163.050000000;10;9411147824;S
20240117;101027;163.050000000;10;9411147825;S
20240117;101027;163.040000000;10;9411147826;S
20240117;101029;163.080000000;100;9411148011;B
20240117;101031;163.080000000;200;9411148232;S
20240117;101034;163.100000000;6390;9411148538;B
20240117;101035;163.100000000;500;9411148632;B
20240117;101036;163.090000000;150;9411148799;S
20240117;101036;163.100000000;2640;9411148822;B
20240117;101037;163.100000000;10;9411148864;B
20240117;101037;163.090000000;100;9411148871;S
20240117;101037;163.100000000;150;9411148931;B
20240117;101038;163.100000000;50;9411149036;B
20240117;101039;163.100000000;10;9411149076;B
20240117;101039;163.100000000;100;9411149077;B
20240117;101040;163.100000000;10;9411149192;B
20240117;101041;163.090000000;900;9411149277;S
20240117;101041;163.090000000;100;9411149278;S
20240117;101047;163.090000000;30;9411149998;S
20240117;101047;163.100000000;10;9411150021;B
20240117;101048;163.100000000;5000;9411150058;B
20240117;101049;163.090000000;80;9411150165;S
20240117;101049;163.090000000;10;9411150166;S
20240117;101049;163.090000000;100;9411150167;S
20240117;101049;163.090000000;800;9411150168;S
20240117;101049;163.090000000;1840;9411150169;S
20240117;101049;163.090000000;1000;9411150170;S
20240117;101049;163.090000000;30;9411150171;S
20240117;101049;163.100000000;100;9411150226;B
20240117;101049;163.090000000;320;9411150231;S
20240117;101050;163.100000000;70;9411150379;B
20240117;101054;163.090000000;80;9411151004;S
20240117;101059;163.100000000;20;9411151593;B
20240117;101103;163.100000000;10;9411152056;B
20240117;101105;163.100000000;30;9411152282;B
20240117;101105;163.090000000;1140;9411152329;S
20240117;101110;163.100000000;210;9411153275;B
20240117;101112;163.090000000;10;9411153637;S
20240117;101113;163.100000000;10;9411153850;B
20240117;101114;163.100000000;10;9411153869;B
20240117;101114;163.100000000;10;9411153921;B
20240117;101117;163.100000000;20;9411154321;B
20240117;101118;163.090000000;10;9411154483;S
20240117;101121;163.090000000;10;9411154698;S
20240117;101121;163.090000000;10;9411154745;S
20240117;101123;163.100000000;20;9411154956;B
20240117;101125;163.100000000;3200;9411155222;B
20240117;101125;163.100000000;5000;9411155312;B
20240117;101126;163.090000000;10;9411155338;S
20240117;101127;163.100000000;420;9411155477;B
20240117;101127;163.100000000;180;9411155478;B
20240117;101128;163.100000000;20;9411155595;B
20240117;101130;163.100000000;20;9411155676;B
20240117;101132;163.100000000;10;9411155928;B
20240117;101136;163.100000000;110;9411156273;B
20240117;101138;163.100000000;200;9411156432;B
20240117;101138;163.100000000;10;9411156468;B
20240117;101145;163.100000000;140;9411157091;B
20240117;101147;163.090000000;110;9411157389;S
20240117;101148;163.090000000;1570;9411157467;S
20240117;101148;163.090000000;10;9411157468;S
20240117;101148;163.090000000;210;9411157469;S
20240117;101148;163.090000000;10;9411157470;S
20240117;101148;163.090000000;10;9411157471;S
20240117;101148;163.090000000;10;9411157472;S
20240117;101148;163.090000000;10;9411157473;S
20240117;101148;163.090000000;10;9411157474;S
20240117;101148;163.090000000;1000;9411157475;S
20240117;101148;163.090000000;510;9411157476;S
20240117;101152;163.100000000;10;9411158135;B
20240117;101152;163.100000000;30;9411158146;B
20240117;101152;163.090000000;210;9411158200;S
20240117;101152;163.090000000;1840;9411158201;S
20240117;101152;163.090000000;800;9411158202;S
20240117;101152;163.090000000;300;9411158203;S
20240117;101152;163.090000000;1000;9411158204;S
20240117;101152;163.090000000;20;9411158205;S
20240117;101152;163.080000000;210;9411158206;S
20240117;101152;163.080000000;200;9411158207;S
20240117;101152;163.080000000;800;9411158208;S
20240117;101152;163.070000000;210;9411158209;S
20240117;101152;163.060000000;210;9411158210;S
20240117;101152;163.060000000;2140;9411158211;S
20240117;101152;163.060000000;530;9411158212;S
20240117;101152;163.050000000;10000;9411158213;S
20240117;101152;163.050000000;210;9411158214;S
20240117;101152;163.050000000;1000;9411158215;S
20240117;101152;163.050000000;10;9411158216;S
20240117;101152;163.050000000;100;9411158217;S
20240117;101152;163.050000000;10;9411158218;S
20240117;101152;163.040000000;30;9411158219;S
20240117;101152;163.040000000;210;9411158220;S
20240117;101152;163.040000000;1000;9411158221;S
20240117;101152;163.030000000;2000;9411158222;S
20240117;101152;163.030000000;210;9411158223;S
20240117;101152;163.030000000;1000;9411158224;S
20240117;101152;163.020000000;50;9411158225;S
20240117;101152;163.020000000;10;9411158226;S
20240117;101152;163.020000000;50;9411158227;S
20240117;101152;163.020000000;100;9411158228;S
20240117;101152;163.020000000;20;9411158229;S
20240117;101152;163.020000000;210;9411158230;S
20240117;101152;163.020000000;1000;9411158231;S
20240117;101152;163.020000000;250;9411158232;S
20240117;101152;163.020000000;2060;9411158233;S
20240117;101159;163.060000000;230;9411159019;B
20240117;101200;163.060000000;80;9411159111;B
20240117;101200;163.050000000;70;9411159183;S
20240117;101207;163.050000000;110;9411160153;S
20240117;101207;163.040000000;20;9411160154;S
20240117;101207;163.030000000;160;9411160155;S
20240117;101208;163.050000000;10;9411160171;B
20240117;101212;163.060000000;690;9411160648;B
20240117;101212;163.060000000;800;9411160649;B
20240117;101212;163.060000000;510;9411160650;B
20240117;101212;163.070000000;800;9411160651;B
20240117;101212;163.070000000;300;9411160652;B
20240117;101212;163.080000000;1000;9411160653;B
20240117;101212;163.080000000;760;9411160654;B
20240117;101212;163.090000000;140;9411160655;B
20240117;101218;163.070000000;10;9411161390;B
20240117;101219;163.070000000;10;9411161475;B
20240117;101219;163.050000000;10;9411161556;S
20240117;101221;163.050000000;10;9411161778;S
20240117;101221;163.040000000;30;9411161779;S
20240117;101222;163.050000000;10;9411161945;S
20240117;101222;163.040000000;50;9411161946;S
20240117;101226;163.040000000;70;9411162490;S
20240117;101229;163.080000000;50;9411162803;B
20240117;101232;163.080000000;10;9411163207;B
20240117;101233;163.050000000;10;9411163257;S
20240117;101235;163.040000000;50;9411163527;S
20240117;101238;163.070000000;140;9411163815;B
20240117;101238;163.070000000;160;9411163816;B
20240117;101239;163.070000000;10;9411163972;B
20240117;101249;163.070000000;50;9411165444;B
20240117;101249;163.080000000;450;9411165445;B
20240117;101254;163.090000000;110;9411166112;B
20240117;101254;163.060000000;100;9411166179;S
20240117;101254;163.060000000;800;9411166180;S
20240117;101254;163.060000000;1840;9411166181;S
20240117;101254;163.060000000;300;9411166182;S
20240117;101254;163.050000000;1520;9411166183;S
20240117;101254;163.050000000;210;9411166184;S
20240117;101254;163.040000000;10;9411166185;S
20240117;101254;163.040000000;10;9411166186;S
20240117;101254;163.040000000;400;9411166187;S
20240117;101254;163.040000000;440;9411166188;S
20240117;101255;163.050000000;870;9411166238;S
20240117;101255;163.040000000;80;9411166239;S
20240117;101255;163.040000000;10;9411166240;S
20240117;101255;163.040000000;1000;9411166241;S
20240117;101255;163.040000000;40;9411166242;S
20240117;101255;163.080000000;30;9411166306;B
20240117;101256;163.040000000;30;9411166361;S
20240117;101259;163.080000000;320;9411166680;B
20240117;101259;163.080000000;180;9411166681;B
20240117;101259;163.080000000;10;9411166707;B
20240117;101300;163.050000000;800;9411166818;S
20240117;101300;163.040000000;110;9411166893;S
20240117;101301;163.040000000;10;9411166933;S
20240117;101304;163.050000000;170;9411167272;B
20240117;101311;163.050000000;10;9411167967;B
20240117;101318;163.060000000;10;9411168683;B
20240117;101323;163.050000000;10;9411169148;B
20240117;101326;163.060000000;10;9411169613;B
20240117;101328;163.070000000;10;9411169889;B
20240117;101329;163.080000000;310;9411169989;B
20240117;101334;163.090000000;100;9411170771;B
20240117;101339;163.090000000;230;9411171294;B
20240117;101340;163.080000000;150;9411171345;S
20240117;101340;163.090000000;10;9411171417;B
20240117;101346;163.090000000;100;9411171925;B
20240117;101349;163.090000000;100;9411172214;B
20240117;101400;163.080000000;30;9411173351;S
20240117;101400;163.080000000;30;9411173352;S
20240117;101403;163.090000000;30;9411173677;B
20240117;101410;163.090000000;30;9411174668;B
20240117;101411;163.090000000;150;9411174753;B
20240117;101420;163.090000000;10;9411175851;B
20240117;101420;163.080000000;20;9411175893;S
20240117;101420;163.080000000;10;9411175894;S
20240117;101420;163.070000000;70;9411175895;S
20240117;101420;163.080000000;800;9411175953;B
20240117;101420;163.080000000;170;9411175954;B
20240117;101420;163.090000000;30;9411175955;B
20240117;101424;163.080000000;40;9411176354;S
20240117;101424;163.080000000;10;9411176355;S
20240117;101424;163.070000000;50;9411176356;S
20240117;101427;163.080000000;10;9411176748;S
20240117;101428;163.080000000;990;9411176819;S
20240117;101428;163.080000000;800;9411176820;S
20240117;101428;163.080000000;810;9411176821;S
20240117;101428;163.080000000;10;9411176838;S
20240117;101429;163.090000000;20;9411176987;B
20240117;101433;163.090000000;60;9411177402;B
20240117;101433;163.090000000;740;9411177407;B
20240117;101433;163.090000000;20;9411177408;B
20240117;101433;163.090000000;610;9411177409;B
20240117;101433;163.090000000;450;9411177410;B
20240117;101433;163.090000000;10;9411177411;B
20240117;101437;163.100000000;10;9411177902;B
20240117;101438;163.090000000;1830;9411178060;S
20240117;101442;163.090000000;570;9411178516;S
20240117;101444;163.100000000;10;9411178640;B
20240117;101445;163.100000000;20;9411178811;B
20240117;101446;163.090000000;100;9411178939;S
20240117;101457;163.100000000;150;9411180329;B
20240117;101459;163.100000000;50;9411180515;B
20240117;101501;163.100000000;30;9411180840;B
20240117;101501;163.100000000;70;9411180841;B
20240117;101507;163.100000000;10;9411182099;B
20240117;101514;163.090000000;230;9411183440;S
20240117;101514;163.090000000;10;9411183511;S
20240117;101519;163.100000000;30;9411184472;B
20240117;101519;163.100000000;10;9411184484;B
20240117;101521;163.100000000;30;9411184919;B
20240117;101523;163.100000000;10;9411185364;B
20240117;101526;163.100000000;50;9411185800;B
20240117;101526;163.100000000;30;9411185801;B
20240117;101526;163.100000000;40;9411185802;B
20240117;101526;163.100000000;30;9411185803;B
20240117;101526;163.100000000;500;9411185804;B
20240117;101529;163.110000000;100;9411186281;B
20240117;101529;163.110000000;700;9411186329;B
20240117;101530;163.120000000;10;9411186411;S
20240117;101534;163.130000000;10;9411187253;B
20240117;101537;163.120000000;40;9411187788;S
20240117;101540;163.120000000;10;9411188293;S
20240117;101542;163.120000000;20;9411188575;S
20240117;101542;163.120000000;70;9411188590;S
20240117;101542;163.120000000;360;9411188591;S
20240117;101543;163.130000000;10;9411188748;B
20240117;101547;163.130000000;80;9411189249;B
20240117;101547;163.130000000;70;9411189250;B
20240117;101549;163.130000000;140;9411189541;B
20240117;101549;163.130000000;800;9411189542;B
20240117;101549;163.130000000;200;9411189543;B
20240117;101551;163.130000000;20;9411189863;S
20240117;101552;163.140000000;50;9411189924;B
20240117;101552;163.140000000;10;9411190004;B
20240117;101552;163.130000000;20;9411190009;S
20240117;101558;163.130000000;620;9411190921;S
20240117;101602;163.140000000;740;9411191537;B
20240117;101602;163.140000000;210;9411191538;B
20240117;101602;163.150000000;210;9411191539;B
20240117;101602;163.160000000;210;9411191540;B
20240117;101602;163.160000000;70;9411191541;B
20240117;101602;163.140000000;10;9411191604;S
20240117;101603;163.130000000;20;9411191722;S
20240117;101610;163.130000000;500;9411192797;S
20240117;101611;163.130000000;10;9411192977;S
20240117;101614;163.140000000;10;9411193542;B
20240117;101616;163.140000000;90;9411193873;B
20240117;101618;163.140000000;20;9411194269;B
20240117;101619;163.130000000;60;9411194545;S
20240117;101620;163.140000000;300;9411194737;B
20240117;101622;163.130000000;20;9411195103;S
20240117;101628;163.130000000;10;9411196458;S
20240117;101629;163.130000000;30;9411196498;S
20240117;101629;163.140000000;10;9411196529;B
20240117;101629;163.130000000;80;9411196595;S
20240117;101632;163.140000000;610;9411196892;B
20240117;101632;163.130000000;30;9411197045;S
20240117;101633;163.140000000;180;9411197093;B
20240117;101633;163.140000000;90;9411197094;B
20240117;101635;163.150000000;50;9411197655;B
20240117;101636;163.150000000;750;9411197799;B
20240117;101637;163.160000000;1810;9411198014;B
20240117;101640;163.150000000;10;9411198622;S
20240117;101643;163.150000000;50;9411199083;S
20240117;101643;163.160000000;10;9411199124;B
20240117;101656;163.160000000;10;9411201142;B
20240117;101656;163.160000000;100;9411201218;B
20240117;101656;163.160000000;50;9411201219;B
20240117;101657;163.160000000;20;9411201350;B
20240117;101700;163.160000000;30;9411201790;B
20240117;101700;163.170000000;210;9411201791;B
20240117;101700;163.180000000;210;9411201792;B
20240117;101700;163.180000000;120;9411201793;B
20240117;101700;163.180000000;10;9411201836;B
20240117;101715;163.180000000;20;9411204532;B
20240117;101716;163.160000000;10;9411205019;S
20240117;101716;163.160000000;50;9411205020;S
20240117;101717;163.160000000;10;9411205195;S
20240117;101717;163.180000000;50;9411205209;B
20240117;101718;163.160000000;30;9411205351;S
20240117;101726;163.160000000;30;9411206520;S
20240117;101726;163.160000000;710;9411206521;S
20240117;101728;163.160000000;10;9411206866;B
20240117;101728;163.160000000;60;9411206938;B
20240117;101732;163.160000000;30;9411207651;B
20240117;101734;163.160000000;10;9411207925;B
20240117;101734;163.170000000;290;9411207926;B
20240117;101734;163.170000000;360;9411207950;B
20240117;101738;163.170000000;10;9411208491;B
20240117;101744;163.160000000;60;9411209845;S
20240117;101744;163.160000000;40;9411209907;S
20240117;101745;163.170000000;10;9411209975;B
20240117;101748;163.160000000;50;9411210519;S
20240117;101749;163.170000000;130;9411210667;B
20240117;101749;163.180000000;60;9411210668;B
20240117;101751;163.180000000;10;9411211068;B
20240117;101754;163.170000000;20;9411211544;S
20240117;101754;163.170000000;200;9411211545;S
20240117;101759;163.180000000;10;9411212354;B
20240117;101759;163.180000000;10;9411212420;B
20240117;101802;163.170000000;10;9411212914;S
20240117;101802;163.180000000;10;9411212929;B
20240117;101802;163.180000000;20;9411212930;B
20240117;101802;163.190000000;100;9411212931;B
20240117;101802;163.190000000;90;9411212932;B
20240117;101802;163.200000000;20;9411212933;B
20240117;101802;163.200000000;10;9411212934;B
20240117;101808;163.200000000;20;9411213893;B
20240117;101808;163.200000000;10;9411214038;B
20240117;101811;163.190000000;3200;9411214414;S
20240117;101811;163.180000000;10;9411214415;S
20240117;101811;163.180000000;30;9411214416;S
20240117;101811;163.180000000;10;9411214417;S
20240117;101811;163.180000000;10;9411214418;S
20240117;101811;163.170000000;770;9411214419;S
20240117;101811;163.170000000;10;9411214420;S
20240117;101811;163.170000000;10;9411214421;S
20240117;101811;163.170000000;10;9411214422;S
20240117;101811;163.170000000;10;9411214423;S
20240117;101811;163.170000000;10;9411214424;S
20240117;101811;163.170000000;10;9411214425;S
20240117;101811;163.160000000;5000;9411214426;S
20240117;101811;163.160000000;20;9411214427;S
20240117;101811;163.160000000;40;9411214428;S
20240117;101811;163.160000000;300;9411214429;S
20240117;101811;163.150000000;10;9411214430;S
20240117;101811;163.150000000;10;9411214431;S
20240117;101811;163.150000000;2500;9411214432;S
20240117;101811;163.150000000;20;9411214433;S
20240117;101811;163.150000000;20;9411214434;S
20240117;101811;163.140000000;2230;9411214435;S
20240117;101811;163.140000000;10;9411214436;S
20240117;101811;163.130000000;20;9411214437;S
20240117;101811;163.130000000;470;9411214438;S
20240117;101811;163.130000000;10;9411214439;S
20240117;101811;163.120000000;4970;9411214440;S
20240117;101811;163.120000000;200;9411214441;S
20240117;101811;163.120000000;10;9411214442;S
20240117;101811;163.120000000;210;9411214443;S
20240117;101812;163.110000000;10;9411214618;B
20240117;101812;163.110000000;10;9411214619;B
20240117;101812;163.110000000;20;9411214623;B
20240117;101812;163.110000000;10;9411214624;B
20240117;101812;163.110000000;30;9411214625;B
20240117;101812;163.110000000;30;9411214626;B
20240117;101812;163.120000000;30;9411214627;B
20240117;101812;163.120000000;10;9411214628;B
20240117;101812;163.120000000;20;9411214629;B
20240117;101812;163.120000000;20;9411214630;B
20240117;101812;163.120000000;10;9411214631;B
20240117;101812;163.120000000;10;9411214632;B
20240117;101812;163.120000000;180;9411214633;B
20240117;101812;163.120000000;10;9411214634;B
20240117;101812;163.110000000;10;9411214635;B
20240117;101812;163.110000000;10;9411214638;B
20240117;101812;163.110000000;10;9411214639;B
20240117;101812;163.110000000;10;9411214640;B
20240117;101812;163.110000000;270;9411214641;B
20240117;101812;163.110000000;10;9411214644;B
20240117;101812;163.110000000;10;9411214645;B
20240117;101812;163.110000000;30;9411214646;B
20240117;101812;163.110000000;20;9411214647;B
20240117;101812;163.110000000;20;9411214648;B
20240117;101812;163.110000000;30;9411214649;B
20240117;101812;163.110000000;20;9411214650;B
20240117;101812;163.110000000;50;9411214652;B
20240117;101814;163.100000000;100;9411214846;S
20240117;101814;163.100000000;10;9411214847;S
20240117;101814;163.100000000;10;9411214848;S
20240117;101814;163.100000000;50;9411214849;S
20240117;101814;163.100000000;10;9411214850;S
20240117;101814;163.100000000;50;9411214851;S
20240117;101814;163.100000000;10;9411214852;S
20240117;101814;163.100000000;10;9411214853;S
20240117;101816;163.120000000;20;9411215113;B
20240117;101816;163.120000000;20;9411215280;B
20240117;101817;163.110000000;20;9411215364;S
20240117;101817;163.120000000;40;9411215397;B
20240117;101818;163.120000000;500;9411215445;B
20240117;101819;163.110000000;10;9411215559;S
20240117;101819;163.120000000;5000;9411215595;B
20240117;101821;163.120000000;3990;9411215879;B
20240117;101823;163.130000000;10;9411216116;S
20240117;101824;163.180000000;40;9411216296;B
20240117;101824;163.180000000;1000;9411216297;B
20240117;101824;163.190000000;3680;9411216298;B
20240117;101824;163.200000000;160;9411216299;B
20240117;101824;163.200000000;100;9411216300;B
20240117;101824;163.200000000;80;9411216301;B
20240117;101824;163.200000000;2140;9411216302;B
20240117;101824;163.200000000;210;9411216303;B
20240117;101824;163.200000000;3680;9411216304;B
20240117;101824;163.210000000;30;9411216305;B
20240117;101824;163.210000000;1000;9411216306;B
20240117;101824;163.210000000;210;9411216307;B
20240117;101824;163.210000000;7670;9411216308;B
20240117;101825;163.210000000;10;9411216414;B
20240117;101827;163.190000000;100;9411216973;S
20240117;101830;163.210000000;50;9411217454;B
20240117;101832;163.210000000;40;9411217670;B
20240117;101832;163.220000000;10;9411217671;B
20240117;101833;163.190000000;60;9411217775;S
20240117;101834;163.190000000;50;9411217948;S
20240117;101835;163.220000000;20;9411218308;B
20240117;101836;163.180000000;100;9411218403;S
20240117;101836;163.190000000;10;9411218457;S
20240117;101838;163.220000000;190;9411218898;B
20240117;101838;163.220000000;20;9411218899;B
20240117;101838;163.220000000;720;9411218900;B
20240117;101839;163.220000000;280;9411219187;B
20240117;101839;163.220000000;10;9411219188;B
20240117;101839;163.230000000;25590;9411219189;B
20240117;101839;163.230000000;210;9411219190;B
20240117;101839;163.230000000;6000;9411219191;B
20240117;101839;163.240000000;180;9411219192;B
20240117;101839;163.240000000;210;9411219193;B
20240117;101839;163.240000000;300;9411219194;B
20240117;101839;163.250000000;1000;9411219195;B
20240117;101839;163.250000000;210;9411219196;B
20240117;101839;163.250000000;2000;9411219197;B
20240117;101839;163.260000000;500;9411219198;B
20240117;101839;163.260000000;1000;9411219199;B
20240117;101839;163.260000000;210;9411219200;B
20240117;101839;163.270000000;500;9411219201;B
20240117;101839;163.270000000;1000;9411219202;B
20240117;101839;163.270000000;210;9411219203;B
20240117;101839;163.270000000;8000;9411219204;B
20240117;101839;163.270000000;700;9411219205;B
20240117;101839;163.280000000;500;9411219206;B
20240117;101839;163.280000000;210;9411219207;B
20240117;101839;163.280000000;1000;9411219208;B
20240117;101839;163.280000000;2140;9411219209;B
20240117;101839;163.290000000;2440;9411219210;B
20240117;101839;163.290000000;500;9411219211;B
20240117;101839;163.290000000;1000;9411219212;B
20240117;101839;163.290000000;210;9411219213;B
20240117;101839;163.290000000;2000;9411219214;B
20240117;101839;163.300000000;1300;9411219215;B
20240117;101839;163.300000000;500;9411219216;B
20240117;101839;163.300000000;1000;9411219217;B
20240117;101839;163.300000000;210;9411219218;B
20240117;101839;163.310000000;500;9411219219;B
20240117;101839;163.310000000;210;9411219220;B
20240117;101839;163.320000000;200;9411219224;B
20240117;101841;163.350000000;10;9411219683;B
20240117;101842;163.320000000;20;9411219848;S
20240117;101843;163.330000000;10;9411220062;S
20240117;101843;163.330000000;40;9411220197;S
20240117;101857;163.340000000;10;9411223654;B
20240117;101903;163.330000000;10;9411224949;S
20240117;101909;163.340000000;20;9411225987;S
20240117;101909;163.330000000;230;9411225988;S
20240117;101913;163.340000000;100;9411227025;B
20240117;101913;163.350000000;90;9411227026;B
20240117;101913;163.350000000;10;9411227027;B
20240117;101913;163.350000000;10;9411227028;B
20240117;101913;163.360000000;550;9411227029;B
20240117;101913;163.360000000;60;9411227030;B
20240117;101913;163.360000000;110;9411227031;B
20240117;101913;163.370000000;1160;9411227032;B
20240117;101915;163.340000000;10;9411227351;S
20240117;101916;163.340000000;20;9411227537;S
20240117;101917;163.370000000;20;9411227733;B
20240117;101920;163.370000000;20;9411228363;B
20240117;101923;163.370000000;10;9411228807;B
20240117;101930;163.360000000;100;9411230242;B
20240117;101930;163.350000000;10;9411230392;S
20240117;101930;163.330000000;40;9411230393;S
20240117;101934;163.350000000;10;9411230915;B
20240117;101934;163.360000000;10;9411230916;B
20240117;101937;163.360000000;10;9411231385;B
20240117;101941;163.350000000;90;9411231851;S
20240117;101954;163.360000000;140;9411233440;B
20240117;101954;163.360000000;30;9411233441;B
20240117;101955;163.370000000;950;9411233605;B
20240117;102000;163.360000000;40;9411234375;B
20240117;102000;163.360000000;10;9411234437;B
20240117;102003;163.360000000;20;9411234811;S
20240117;102005;163.360000000;10;9411235139;S
20240117;102005;163.350000000;70;9411235140;S
20240117;102006;163.370000000;30;9411235303;B
20240117;102011;163.350000000;800;9411235966;S
20240117;102011;163.340000000;220;9411235967;S
20240117;102016;163.360000000;10;9411236887;B
20240117;102017;163.360000000;10;9411237172;B
20240117;102019;163.360000000;10;9411237559;B
20240117;102021;163.350000000;10;9411238211;S
20240117;102026;163.360000000;10;9411239161;B
20240117;102028;163.360000000;10;9411239559;B
20240117;102030;163.370000000;10;9411239971;B
20240117;102030;163.360000000;40;9411240108;S
20240117;102032;163.370000000;10;9411240352;B
20240117;102033;163.350000000;10;9411240503;S
20240117;102033;163.350000000;30;9411240504;S
20240117;102037;163.370000000;200;9411241035;B
20240117;102039;163.360000000;10;9411241208;B
20240117;102040;163.350000000;140;9411241427;S
20240117;102041;163.360000000;1150;9411241550;B
20240117;102041;163.350000000;10;9411241601;S
20240117;102051;163.360000000;10;9411243188;B
20240117;102051;163.360000000;100;9411243265;B
20240117;102051;163.370000000;150;9411243266;B
20240117;102054;163.350000000;600;9411243569;S
20240117;102054;163.350000000;110;9411243630;S
20240117;102105;163.360000000;10;9411245020;B
20240117;102107;163.350000000;10;9411245280;S
20240117;102108;163.350000000;20;9411245302;S
20240117;102116;163.360000000;40;9411246274;B
20240117;102116;163.360000000;100;9411246275;B
20240117;102116;163.360000000;50;9411246276;B
20240117;102118;163.360000000;40;9411246545;S
20240117;102119;163.360000000;10000;9411246705;S
20240117;102121;163.370000000;10;9411247006;B
20240117;102122;163.370000000;500;9411247193;B
20240117;102126;163.370000000;10;9411247684;B
20240117;102126;163.370000000;420;9411247685;B
20240117;102126;163.370000000;10;9411247686;B
20240117;102126;163.370000000;250;9411247687;B
20240117;102126;163.380000000;20;9411247688;B
20240117;102126;163.380000000;500;9411247689;B
20240117;102126;163.390000000;170;9411247691;B
20240117;102126;163.390000000;10;9411247692;B
20240117;102126;163.390000000;220;9411247693;B
20240117;102128;163.390000000;10;9411248330;B
20240117;102129;163.380000000;10;9411248407;S
20240117;102129;163.380000000;10;9411248430;S
20240117;102130;163.390000000;20;9411248686;B
20240117;102137;163.390000000;1750;9411250163;B
20240117;102137;163.390000000;10;9411250164;B
20240117;102137;163.390000000;10;9411250165;B
20240117;102137;163.390000000;300;9411250166;B
20240117;102137;163.400000000;990;9411250167;B
20240117;102147;163.390000000;250;9411251687;B
20240117;102147;163.380000000;700;9411251830;S
20240117;102154;163.390000000;10;9411253127;B
20240117;102201;163.390000000;240;9411254595;B
20240117;102203;163.380000000;10;9411255119;S
20240117;102203;163.390000000;1500;9411255130;B
20240117;102213;163.390000000;30;9411257126;S
20240117;102214;163.390000000;470;9411257230;S
20240117;102216;163.380000000;120;9411257586;S
20240117;102216;163.390000000;10;9411257620;B
20240117;102218;163.390000000;120;9411257806;B
20240117;102218;163.380000000;30;9411258088;S
20240117;102220;163.390000000;10;9411258380;B
20240117;102222;163.390000000;60;9411258828;S
20240117;102223;163.390000000;20;9411259088;S
20240117;102229;163.400000000;690;9411260372;B
20240117;102233;163.390000000;10;9411261326;S
20240117;102238;163.400000000;20;9411262340;B
20240117;102241;163.400000000;10;9411263088;B
20240117;102245;163.400000000;10;9411263907;B
20240117;102247;163.390000000;290;9411264144;S
20240117;102249;163.400000000;40;9411264532;B
20240117;102251;163.400000000;10;9411264921;B
20240117;102251;163.400000000;5000;9411264969;B
20240117;102254;163.400000000;40;9411265608;B
20240117;102301;163.390000000;10;9411267289;S
20240117;102302;163.400000000;10;9411267429;B
20240117;102307;163.390000000;10;9411268699;S
20240117;102308;163.390000000;10;9411268913;S
20240117;102310;163.400000000;30;9411269172;B
20240117;102311;163.390000000;100;9411269340;S
20240117;102312;163.400000000;50;9411269512;B
20240117;102315;163.390000000;10;9411270040;S
20240117;102320;163.400000000;50;9411271087;B
20240117;102324;163.400000000;300;9411271749;B
20240117;102326;163.390000000;470;9411272293;S
20240117;102326;163.390000000;30;9411272294;S
20240117;102329;163.400000000;100;9411272840;B
20240117;102330;163.400000000;50;9411272938;B
20240117;102330;163.390000000;100;9411272939;S
20240117;102332;163.400000000;1000;9411273219;B
20240117;102335;163.400000000;730;9411273652;B
20240117;102336;163.390000000;150;9411273837;S
20240117;102338;163.400000000;10;9411274059;B
20240117;102338;163.400000000;160;9411274117;B
20240117;102338;163.400000000;400;9411274118;B
20240117;102338;163.400000000;30;9411274119;B
20240117;102338;163.400000000;30;9411274120;B
20240117;102338;163.400000000;30;9411274121;B
20240117;102338;163.400000000;310;9411274122;B
20240117;102338;163.400000000;790;9411274123;B
20240117;102341;163.400000000;190;9411274584;B
20240117;102343;163.400000000;10;9411274827;B
20240117;102346;163.400000000;50;9411275373;B
20240117;102348;163.390000000;130;9411275552;S
20240117;102349;163.390000000;20;9411275605;S
20240117;102350;163.400000000;10;9411275671;B
20240117;102356;163.390000000;300;9411276528;S
20240117;102400;163.400000000;950;9411277787;B
20240117;102400;163.400000000;10;9411277788;B
20240117;102400;163.400000000;40;9411277789;B
20240117;102403;163.400000000;50;9411278165;B
20240117;102410;163.400000000;10;9411279291;B
20240117;102410;163.400000000;110;9411279292;B
20240117;102411;163.400000000;50;9411279453;B
20240117;102418;163.390000000;770;9411280443;S
20240117;102418;163.390000000;30;9411280444;S
20240117;102418;163.390000000;100;9411280445;S
20240117;102418;163.390000000;10;9411280446;S
20240117;102418;163.390000000;10;9411280447;S
20240117;102418;163.390000000;60;9411280448;S
20240117;102421;163.390000000;60;9411280981;S
20240117;102423;163.390000000;30;9411281256;S
20240117;102424;163.390000000;10;9411281323;S
20240117;102424;163.390000000;100;9411281324;S
20240117;102424;163.390000000;550;9411281325;S
20240117;102424;163.380000000;10;9411281326;S
20240117;102424;163.380000000;40;9411281327;S
20240117;102424;163.380000000;290;9411281328;S
20240117;102425;163.400000000;10;9411281488;B
20240117;102430;163.390000000;10;9411282384;B
20240117;102430;163.400000000;10;9411282385;B
20240117;102435;163.400000000;10;9411283280;B
20240117;102442;163.390000000;100;9411284408;B
20240117;102442;163.390000000;100;9411284479;S
20240117;102446;163.400000000;210;9411284946;B
20240117;102446;163.400000000;320;9411284947;B
20240117;102446;163.400000000;100;9411284983;B
20240117;102447;163.400000000;10;9411285248;B
20240117;102451;163.390000000;200;9411285798;S
20240117;102451;163.390000000;800;9411285799;S
20240117;102451;163.380000000;1170;9411285800;S
20240117;102452;163.380000000;40;9411286016;S
20240117;102452;163.380000000;10;9411286017;S
20240117;102452;163.380000000;100;9411286018;S
20240117;102454;163.400000000;10;9411286307;B
20240117;102456;163.400000000;10;9411286535;B
20240117;102459;163.380000000;1100;9411286987;S
20240117;102502;163.390000000;160;9411287461;B
20240117;102503;163.380000000;800;9411287508;S
20240117;102503;163.380000000;20;9411287509;S
20240117;102503;163.380000000;40;9411287510;S
20240117;102506;163.380000000;10;9411287967;B
20240117;102507;163.370000000;10;9411288063;S
20240117;102507;163.370000000;190;9411288126;S
20240117;102507;163.370000000;10;9411288127;S
20240117;102510;163.380000000;10;9411288547;B
20240117;102510;163.380000000;40;9411288555;B
20240117;102513;163.370000000;10;9411288833;S
20240117;102513;163.370000000;120;9411288834;S
20240117;102516;163.360000000;10;9411289286;S
20240117;102516;163.360000000;30;9411289287;S
20240117;102528;163.370000000;500;9411290687;B
20240117;102531;163.370000000;40;9411291112;B
20240117;102531;163.370000000;160;9411291113;B
20240117;102532;163.370000000;20;9411291225;S
20240117;102536;163.370000000;690;9411291708;S
20240117;102547;163.370000000;90;9411292947;S
20240117;102547;163.370000000;100;9411292948;S
20240117;102547;163.370000000;20;9411292949;S
20240117;102547;163.360000000;1970;9411292950;S
20240117;102547;163.350000000;10;9411292951;S
20240117;102547;163.350000000;10;9411292952;S
20240117;102547;163.350000000;20;9411292953;S
20240117;102547;163.350000000;10;9411292954;S
20240117;102547;163.350000000;10;9411292955;S
20240117;102547;163.350000000;50;9411292956;S
20240117;102547;163.350000000;100;9411292957;S
20240117;102547;163.350000000;10;9411292958;S
20240117;102547;163.350000000;110;9411292959;S
20240117;102547;163.350000000;30;9411292960;S
20240117;102547;163.350000000;10;9411292971;B
20240117;102547;163.350000000;10;9411292972;B
20240117;102549;163.340000000;500;9411293188;S
20240117;102554;163.350000000;10;9411293725;B
20240117;102556;163.350000000;20;9411293927;B
20240117;102556;163.340000000;50;9411293929;S
20240117;102556;163.340000000;10;9411293952;S
20240117;102557;163.350000000;70;9411293954;B
20240117;102558;163.340000000;220;9411294047;S
20240117;102558;163.340000000;40;9411294048;S
20240117;102558;163.340000000;10;9411294049;S
20240117;102558;163.340000000;20;9411294050;S
20240117;102558;163.330000000;220;9411294051;S
20240117;102558;163.330000000;1000;9411294052;S
20240117;102558;163.330000000;20;9411294053;S
20240117;102558;163.330000000;10;9411294054;S
20240117;102558;163.330000000;10;9411294055;S
20240117;102558;163.320000000;10;9411294056;S
20240117;102558;163.320000000;10;9411294057;S
20240117;102558;163.320000000;970;9411294058;S
20240117;102558;163.310000000;10;9411294059;S
20240117;102558;163.310000000;2000;9411294060;S
20240117;102558;163.310000000;10;9411294061;S
20240117;102558;163.310000000;5510;9411294062;S
20240117;102604;163.310000000;200;9411294717;S
20240117;102609;163.310000000;290;9411295239;S
20240117;102609;163.310000000;10;9411295240;S
20240117;102609;163.310000000;10;9411295241;S
20240117;102609;163.310000000;20;9411295242;S
20240117;102609;163.300000000;19670;9411295243;S
20240117;102609;163.320000000;100;9411295288;B
20240117;102611;163.300000000;6560;9411295581;S
20240117;102612;163.300000000;1000;9411295595;S
20240117;102612;163.300000000;1000;9411295598;S
20240117;102612;163.300000000;300;9411295599;S
20240117;102612;163.300000000;700;9411295600;S
20240117;102612;163.300000000;1000;9411295601;S
20240117;102612;163.300000000;1000;9411295602;S
20240117;102612;163.300000000;300;9411295603;S
20240117;102612;163.300000000;500;9411295607;S
20240117;102612;163.300000000;200;9411295666;S
20240117;102612;163.300000000;300;9411295667;S
20240117;102613;163.300000000;500;9411295705;S
20240117;102616;163.310000000;130;9411296035;B
20240117;102620;163.310000000;10;9411296313;B
20240117;102623;163.300000000;10;9411296729;S
20240117;102625;163.300000000;200;9411297012;S
20240117;102625;163.300000000;1000;9411297023;S
20240117;102625;163.300000000;300;9411297024;S
20240117;102631;163.300000000;300;9411297599;S
20240117;102631;163.300000000;1000;9411297600;S
20240117;102631;163.300000000;700;9411297601;S
20240117;102633;163.300000000;860;9411297831;S
20240117;102633;163.300000000;12000;9411297835;S
20240117;102633;163.300000000;590;9411297836;S
20240117;102633;163.300000000;100;9411297837;S
20240117;102633;163.300000000;20;9411297838;S
20240117;102633;163.300000000;50;9411297839;S
20240117;102633;163.300000000;10;9411297840;S
20240117;102633;163.300000000;100;9411297841;S
20240117;102633;163.300000000;10;9411297842;S
20240117;102633;163.300000000;270;9411297843;S
20240117;102633;163.300000000;10;9411297844;S
20240117;102633;163.300000000;10;9411297845;S
20240117;102633;163.300000000;20;9411297846;S
20240117;102633;163.300000000;50;9411297847;S
20240117;102633;163.290000000;10;9411297848;S
20240117;102633;163.280000000;10;9411297849;S
20240117;102633;163.280000000;10;9411297850;S
20240117;102633;163.270000000;30;9411297851;S
20240117;102633;163.260000000;10;9411297855;S
20240117;102633;163.250000000;10;9411297856;S
20240117;102633;163.220000000;40;9411297866;S
20240117;102633;163.220000000;200;9411297867;S
20240117;102633;163.220000000;10;9411297868;S
20240117;102633;163.210000000;1970;9411297869;S
20240117;102634;163.210000000;30;9411297899;S
20240117;102634;163.210000000;10;9411297900;S
20240117;102634;163.210000000;60;9411297911;B
20240117;102635;163.200000000;600;9411298021;S
20240117;102635;163.200000000;10;9411298022;S
20240117;102635;163.200000000;50;9411298023;S
20240117;102635;163.200000000;30;9411298024;S
20240117;102635;163.200000000;10;9411298093;B
20240117;102636;163.190000000;500;9411298100;S
20240117;102636;163.190000000;10;9411298101;S
20240117;102636;163.180000000;10;9411298116;S
20240117;102636;163.170000000;10;9411298117;S
20240117;102636;163.170000000;30;9411298118;S
20240117;102636;163.160000000;10;9411298119;S
20240117;102636;163.160000000;10;9411298120;S
20240117;102636;163.160000000;210;9411298121;S
20240117;102636;163.160000000;560;9411298122;S
20240117;102636;163.160000000;440;9411298123;S
20240117;102637;163.150000000;10;9411298207;S
20240117;102637;163.150000000;210;9411298208;S
20240117;102637;163.150000000;340;9411298209;S
20240117;102637;163.150000000;470;9411298210;S
20240117;102637;163.150000000;20;9411298211;S
20240117;102643;163.210000000;300;9411298949;B
20240117;102643;163.220000000;30;9411298950;B
20240117;102644;163.170000000;10;9411299077;S
20240117;102644;163.160000000;1000;9411299078;S
20240117;102644;163.150000000;210;9411299079;S
20240117;102644;163.150000000;800;9411299080;S
20240117;102644;163.150000000;300;9411299081;S
20240117;102644;163.140000000;210;9411299082;S
20240117;102644;163.140000000;100;9411299083;S
20240117;102644;163.140000000;1000;9411299084;S
20240117;102644;163.130000000;210;9411299085;S
20240117;102644;163.130000000;480;9411299086;S
20240117;102644;163.120000000;10;9411299087;S
20240117;102644;163.120000000;210;9411299088;S
20240117;102644;163.120000000;800;9411299089;S
20240117;102644;163.120000000;3680;9411299090;S
20240117;102644;163.120000000;980;9411299091;S
20240117;102644;163.160000000;10;9411299100;B
20240117;102645;163.170000000;10;9411299103;B
20240117;102652;163.170000000;10;9411300008;S
20240117;102652;163.140000000;10;9411300009;S
20240117;102653;163.190000000;300;9411300174;B
20240117;102653;163.200000000;330;9411300175;B
20240117;102659;163.200000000;300;9411300912;B
20240117;102659;163.210000000;1000;9411300913;B
20240117;102659;163.230000000;210;9411300914;B
20240117;102659;163.240000000;210;9411300915;B
20240117;102659;163.240000000;780;9411300916;B
20240117;102705;163.250000000;40;9411301468;B
20240117;102712;163.250000000;10;9411302134;B
20240117;102712;163.250000000;100;9411302154;B
20240117;102715;163.240000000;1000;9411302777;B
20240117;102715;163.250000000;1000;9411302778;B
20240117;102715;163.250000000;800;9411302779;B
20240117;102715;163.250000000;300;9411302780;B
20240117;102715;163.260000000;210;9411302781;B
20240117;102715;163.260000000;1000;9411302782;B
20240117;102715;163.270000000;210;9411302783;B
20240117;102715;163.270000000;1000;9411302784;B
20240117;102715;163.280000000;210;9411302785;B
20240117;102715;163.280000000;200;9411302786;S
20240117;102715;163.290000000;10;9411302855;B
20240117;102719;163.290000000;120;9411303202;S
20240117;102720;163.290000000;20;9411303374;S
20240117;102721;163.320000000;50;9411303457;B
20240117;102722;163.280000000;20;9411303537;S
20240117;102725;163.320000000;20;9411303851;B
20240117;102725;163.320000000;130;9411303879;B
20240117;102726;163.300000000;20;9411303904;S
20240117;102726;163.290000000;500;9411303905;S
20240117;102726;163.280000000;3100;9411303906;S
20240117;102728;163.280000000;10;9411304106;S
20240117;102729;163.280000000;10;9411304247;S
20240117;102733;163.300000000;10;9411304577;S
20240117;102737;163.310000000;10;9411305068;B
20240117;102737;163.310000000;10;9411305095;B
20240117;102737;163.300000000;40;9411305153;S
20240117;102739;163.300000000;10;9411305401;B
20240117;102739;163.310000000;10;9411305410;B
20240117;102746;163.310000000;30;9411306214;B
20240117;102748;163.310000000;410;9411306609;B
20240117;102748;163.310000000;210;9411306610;B
20240117;102748;163.320000000;10;9411306611;B
20240117;102748;163.320000000;10;9411306612;B
20240117;102748;163.320000000;290;9411306677;S
20240117;102749;163.310000000;210;9411306787;B
20240117;102749;163.320000000;10;9411306788;B
20240117;102749;163.320000000;210;9411306789;B
20240117;102749;163.330000000;180;9411306790;B
20240117;102749;163.300000000;10;9411306796;S
20240117;102749;163.280000000;10;9411306797;S
20240117;102749;163.280000000;30;9411306798;S
20240117;102749;163.280000000;270;9411306799;S
20240117;102749;163.280000000;1000;9411306800;S
20240117;102749;163.270000000;1210;9411306801;S
20240117;102749;163.270000000;630;9411306802;S
20240117;102749;163.260000000;3680;9411306803;S
20240117;102749;163.250000000;300;9411306804;S
20240117;102749;163.250000000;2860;9411306805;S
20240117;102750;163.250000000;1000;9411306919;S
20240117;102751;163.270000000;50;9411307208;B
20240117;102753;163.250000000;250;9411307415;S
20240117;102754;163.260000000;90;9411307421;B
20240117;102759;163.270000000;10;9411307946;B
20240117;102759;163.260000000;100;9411307971;S
20240117;102759;163.250000000;890;9411307972;S
20240117;102800;163.250000000;10;9411308061;B
20240117;102807;163.250000000;1760;9411308763;B
20240117;102807;163.220000000;10;9411308888;S
20240117;102807;163.220000000;10;9411308889;S
20240117;102807;163.220000000;10;9411308890;S
20240117;102807;163.220000000;10;9411308891;S
20240117;102807;163.220000000;10;9411308892;S
20240117;102807;163.220000000;10;9411308893;S
20240117;102807;163.220000000;10;9411308894;S
20240117;102807;163.220000000;30;9411308895;S
20240117;102812;163.250000000;70;9411309586;B
20240117;102814;163.240000000;10;9411309796;S
20240117;102817;163.240000000;50;9411310103;B
20240117;102826;163.240000000;10;9411310872;B
20240117;102828;163.240000000;190;9411311142;B
20240117;102828;163.240000000;310;9411311143;B
20240117;102829;163.220000000;10;9411311284;S
20240117;102830;163.240000000;490;9411311422;B
20240117;102835;163.240000000;10;9411312021;S
20240117;102845;163.250000000;700;9411313112;B
20240117;102845;163.250000000;190;9411313113;B
20240117;102849;163.250000000;30;9411313577;B
20240117;102856;163.240000000;10;9411314357;S
20240117;102910;163.250000000;50;9411316120;B
20240117;102913;163.250000000;10;9411316645;B
20240117;102913;163.250000000;10;9411316655;B
20240117;102913;163.250000000;10;9411316667;B
20240117;102913;163.250000000;10;9411316673;B
20240117;102913;163.250000000;10;9411316708;B
20240117;102913;163.250000000;10;9411316713;B
20240117;102913;163.250000000;10;9411316715;B
20240117;102913;163.250000000;10;9411316716;B
20240117;102913;163.250000000;10;9411316717;B
20240117;102913;163.250000000;10;9411316723;B
20240117;102914;163.250000000;20;9411316827;B
20240117;102914;163.250000000;20;9411316828;B
20240117;102920;163.260000000;100;9411317683;S
20240117;102927;163.290000000;20;9411318680;B
20240117;102928;163.260000000;50;9411318870;S
20240117;102929;163.290000000;10;9411319048;B
20240117;102929;163.260000000;110;9411319054;S
20240117;102938;163.260000000;150;9411320092;B
20240117;102941;163.260000000;30;9411320650;B
20240117;102947;163.250000000;30;9411321305;S
20240117;102951;163.260000000;10;9411321813;B
20240117;102952;163.250000000;70;9411321973;S
20240117;102954;163.260000000;30;9411322114;B
20240117;102956;163.250000000;860;9411322420;S
20240117;102956;163.250000000;10;9411322421;S
20240117;102956;163.250000000;60;9411322422;S
20240117;102956;163.250000000;70;9411322423;S
20240117;102956;163.260000000;20;9411322497;B
20240117;103002;163.260000000;20;9411323145;B
20240117;103004;163.250000000;240;9411323467;S
20240117;103004;163.250000000;10;9411323468;S
20240117;103004;163.250000000;10;9411323469;S
20240117;103004;163.250000000;200;9411323470;S
20240117;103004;163.250000000;100;9411323471;S
20240117;103004;163.250000000;10;9411323472;S
20240117;103004;163.250000000;50;9411323473;S
20240117;103004;163.240000000;9490;9411323474;S
20240117;103004;163.240000000;10;9411323475;S
20240117;103004;163.240000000;200;9411323476;S
20240117;103004;163.240000000;10;9411323477;S
20240117;103004;163.240000000;300;9411323478;S
20240117;103004;163.240000000;10;9411323479;S
20240117;103007;163.220000000;10;9411323881;S
20240117;103007;163.200000000;10;9411323882;S
20240117;103007;163.200000000;10;9411323883;S
20240117;103008;163.220000000;10;9411324178;B
20240117;103012;163.200000000;40;9411324787;S
20240117;103012;163.200000000;20;9411324788;S
20240117;103012;163.190000000;40;9411324789;S
20240117;103013;163.190000000;50;9411324872;S
20240117;103017;163.200000000;100;9411325579;B
20240117;103019;163.200000000;30;9411325947;B
20240117;103022;163.190000000;10;9411326388;S
20240117;103022;163.170000000;10;9411326389;S
20240117;103022;163.170000000;200;9411326390;S
20240117;103022;163.170000000;50;9411326391;S
