<DATE>;<TIME>;<LAST>;<VOL>;<ID>;<OPER>
20240408;095949;164;10;10058902403;B
20240408;095949;164;50;10058902404;B
20240408;095949;164;150;10058902405;B
20240408;095949;164;10;10058902406;B
20240408;095949;164;40;10058902407;B
20240408;095949;164;10;10058902408;B
20240408;095949;164;40;10058902409;S
20240408;095949;164;10;10058902410;S
20240408;095949;164;20;10058902411;S
20240408;095949;164;20;10058902412;S
20240408;095949;164;50;10058902413;S
20240408;095949;164;70;10058902414;S
20240408;095949;164;20;10058902415;S
20240408;095949;164;50;10058902416;S
20240408;095949;164;10;10058902417;S
20240408;095949;164;10;10058902418;S
20240408;095949;164;10;10058902419;S
20240408;095949;164;80;10058902420;S
20240408;095949;164;10;10058902421;S
20240408;095949;164;10;10058902422;S
20240408;095949;164;120;10058902423;S
20240408;095949;164;60;10058902424;S
20240408;095949;164;130;10058902425;S
20240408;095949;164;50;10058902426;S
20240408;095949;164;20;10058902427;S
20240408;095949;164;80;10058902428;S
20240408;095949;164;10;10058902429;S
20240408;095949;164;300;10058902430;S
20240408;095949;164;100;10058902431;S
20240408;095949;164;150;10058902432;S
20240408;095949;164;10;10058902433;S
20240408;095949;164;20;10058902434;S
20240408;095949;164;100;10058902435;S
20240408;095949;164;20;10058902436;S
20240408;095949;164;10;10058902437;S
20240408;095949;164;130;10058902438;B
20240408;095949;164;10;10058902439;S
20240408;095949;164;910;10058902440;S
20240408;095949;164;90;10058902441;S
20240408;095949;164;10;10058902442;B
20240408;095949;164;10;10058902443;B
20240408;095949;164;20;10058902444;B
20240408;095949;164;10;10058902445;B
20240408;095949;164;110;10058902446;B
20240408;095949;164;10;10058902447;B
20240408;095949;164;10;10058902448;S
20240408;095949;164;10;10058902449;B
20240408;095949;164;10;10058902450;B
20240408;095949;164;20;10058902451;B
20240408;095949;164;20;10058902452;S
20240408;095949;164;10;10058902453;B
20240408;095949;164;10;10058902454;B
20240408;095949;164;10;10058902455;B
20240408;095949;164;10;10058902456;B
20240408;095949;164;10;10058902457;B
20240408;095949;164;560;10058902458;S
20240408;095949;164;120;10058902459;B
20240408;095949;164;10;10058902460;B
20240408;095949;164;130;10058902461;B
20240408;095949;164;40;10058902462;S
20240408;095949;164;30;10058902463;B
20240408;095949;164;10;10058902464;B
20240408;095949;164;60;10058902465;B
20240408;095949;164;10;10058902466;B
20240408;095949;164;10;10058902467;B
20240408;095949;164;150;10058902468;B
20240408;095949;164;30;10058902469;B
20240408;095949;164;200;10058902470;B
20240408;095949;164;500;10058902471;S
20240408;095949;164;50;10058902472;B
20240408;095949;164;10;10058902473;B
20240408;095949;164;10;10058902474;B
20240408;095949;164;50;10058902475;B
20240408;095949;164;10;10058902476;B
20240408;095949;164;50;10058902477;B
20240408;095949;164;10;10058902478;B
20240408;095949;164;10;10058902479;B
20240408;095949;164;10;10058902480;B
20240408;095949;164;20;10058902481;B
20240408;095949;164;10;10058902482;B
20240408;095949;164;10;10058902483;B
20240408;095949;164;80;10058902484;B
20240408;095949;164;30;10058902485;B
20240408;095949;164;10;10058902486;B
20240408;095949;164;50;10058902487;B
20240408;095949;164;330;10058902488;B
20240408;095949;164;10;10058902489;B
20240408;095949;164;10;10058902490;B
20240408;095949;164;10;10058902491;B
20240408;095949;164;10;10058902492;B
20240408;095949;164;10;10058902493;B
20240408;095949;164;10;10058902494;B
20240408;095949;164;10;10058902495;B
20240408;095949;164;10;10058902496;B
20240408;095949;164;10;10058902497;B
20240408;095949;164;10;10058902498;B
20240408;095949;164;10;10058902499;B
20240408;095949;164;10;10058902500;B
20240408;095949;164;10;10058902501;B
20240408;095949;164;30;10058902502;B
20240408;095949;164;360;10058902503;B
20240408;095949;164;10;10058902504;B
20240408;095949;164;10;10058902505;B
20240408;095949;164;10;10058902506;B
20240408;095949;164;10;10058902507;B
20240408;095949;164;10;10058902508;B
20240408;095949;164;10;10058902509;B
20240408;095949;164;10;10058902510;B
20240408;095949;164;10;10058902511;B
20240408;095949;164;20;10058902512;B
20240408;095949;164;110;10058902513;B
20240408;095949;164;10;10058902514;B
20240408;095949;164;10;10058902515;B
20240408;095949;164;20;10058902516;B
20240408;095949;164;110;10058902517;B
20240408;095949;164;10;10058902518;B
20240408;095949;164;20;10058902519;B
20240408;095949;164;20;10058902520;B
20240408;095949;164;150;10058902521;B
20240408;095949;164;10;10058902522;B
20240408;095949;164;40;10058902523;B
20240408;095949;164;10;10058902524;B
20240408;095949;164;200;10058902525;B
20240408;095949;164;10;10058902526;B
20240408;095949;164;10;10058902527;B
20240408;095949;164;30;10058902528;B
20240408;095949;164;10;10058902529;B
20240408;095949;164;40;10058902530;B
20240408;095949;164;60;10058902531;B
20240408;095949;164;30;10058902532;B
20240408;095949;164;10;10058902533;B
20240408;095949;164;10;10058902534;B
20240408;095949;164;50;10058902535;S
20240408;095949;164;70;10058902536;S
20240408;095949;164;60;10058902537;B
20240408;095949;164;10;10058902538;B
20240408;095949;164;10;10058902539;B
20240408;095949;164;2670;10058902540;B
20240408;095949;164;30;10058902541;B
20240408;095949;164;6100;10058902542;B
20240408;095949;164;700;10058902543;B
20240408;095949;164;10;10058902544;B
20240408;095949;164;2000;10058902545;B
20240408;095949;164;30;10058902546;B
20240408;095949;164;30;10058902547;B
20240408;095949;164;1200;10058902548;B
20240408;095949;164;1100;10058902549;B
20240408;095949;164;250;10058902550;B
20240408;095949;164;10;10058902551;B
20240408;095949;164;20;10058902552;B
20240408;095949;164;10;10058902553;B
20240408;095949;164;400;10058902554;B
20240408;095949;164;400;10058902555;B
20240408;095949;164;10;10058902556;B
20240408;095949;164;60;10058902557;B
20240408;095949;164;110;10058902558;B
20240408;095949;164;1000;10058902559;B
20240408;095949;164;10;10058902560;B
20240408;095949;164;5340;10058902561;B
20240408;095949;164;30;10058902562;B
20240408;095949;164;30;10058902563;B
20240408;095949;164;30;10058902564;B
20240408;095949;164;600;10058902565;B
20240408;095949;164;10;10058902566;B
20240408;095949;164;30;10058902567;B
20240408;095949;164;3930;10058902568;B
20240408;095949;164;10;10058902569;B
20240408;095949;164;400;10058902570;B
20240408;095949;164;50;10058902571;B
20240408;095949;164;10;10058902572;B
20240408;095949;164;8040;10058902573;B
20240408;095949;164;10;10058902574;B
20240408;095949;164;40;10058902575;B
20240408;095949;164;10;10058902576;S
20240408;095949;164;20;10058902577;B
20240408;095949;164;2000;10058902578;B
20240408;095949;164;200;10058902579;B
20240408;095949;164;10;10058902580;B
20240408;095949;164;10;10058902581;B
20240408;095949;164;10;10058902582;B
20240408;095949;164;100;10058902583;B
20240408;095949;164;50;10058902584;B
20240408;095949;164;100;10058902585;B
20240408;095949;164;100;10058902586;B
20240408;095949;164;4100;10058902587;B
20240408;095949;164;10;10058902588;S
20240408;095949;164;200;10058902589;B
20240408;095949;164;690;10058902590;B
20240408;095949;164;1000;10058902591;B
20240408;095949;164;10;10058902592;B
20240408;095949;164;10;10058902593;B
20240408;095949;164;40;10058902594;B
20240408;095949;164;10;10058902595;B
20240408;095949;164;1110;10058902596;B
20240408;095949;164;40;10058902597;B
20240408;095949;164;90;10058902598;B
20240408;095949;164;10;10058902599;B
20240408;095949;164;50;10058902600;B
20240408;095949;164;360;10058902601;B
20240408;095949;164;20;10058902602;B
20240408;095949;164;20;10058902603;B
20240408;095949;164;50;10058902604;B
20240408;095949;164;550;10058902605;B
20240408;095949;164;200;10058902606;S
20240408;095949;164;60;10058902607;S
20240408;095949;164;20;10058902608;S
20240408;095949;164;30;10058902609;S
20240408;095949;164;10;10058902610;S
20240408;095949;164;1000;10058902611;S
20240408;095949;164;600;10058902612;S
20240408;095949;164;560;10058902613;S
20240408;095949;164;10;10058902614;S
20240408;100000;164.03;10;10058906866;B
20240408;100000;164.03;1980;10058906867;B
20240408;100000;164.04;600;10058906964;S
20240408;100000;164.04;400;10058906965;S
20240408;100000;164.04;600;10058906966;S
20240408;100000;164.03;10;10058906967;S
20240408;100000;164.03;200;10058906968;S
20240408;100000;164.03;350;10058907081;B
20240408;100000;164.03;10;10058907366;B
20240408;100000;164.03;10;10058907373;B
20240408;100000;164.03;60;10058907551;B
20240408;100000;164.03;10;10058907590;B
20240408;100000;164.03;10;10058907670;B
20240408;100000;164.03;610;10058908078;B
20240408;100001;164.03;310;10058908351;B
20240408;100001;164.02;20;10058908381;S
20240408;100001;164.02;780;10058908419;S
20240408;100001;164.02;100;10058908420;S
20240408;100001;164.02;100;10058908421;S
20240408;100001;164.02;20;10058908422;S
20240408;100001;164.02;20;10058908527;S
20240408;100001;164.02;50;10058908762;S
20240408;100001;164.02;50;10058908798;S
20240408;100001;164.02;30;10058908870;S
20240408;100001;164.02;60;10058908979;S
20240408;100001;164.03;10;10058909093;B
20240408;100001;164.02;10;10058909094;S
20240408;100002;164.02;50;10058909288;S
20240408;100002;164.03;10;10058909298;B
20240408;100002;164.02;10;10058909418;S
20240408;100002;164.02;20;10058909419;S
20240408;100002;164.02;20;10058909428;S
20240408;100002;164.02;60;10058909530;S
20240408;100002;164.02;40;10058909531;S
20240408;100003;164.03;3000;10058910714;B
20240408;100003;164.02;10;10058911052;S
20240408;100004;164.02;220;10058912215;S
20240408;100005;164.02;10;10058913132;S
20240408;100005;164.03;10;10058913175;B
20240408;100005;164.02;10;10058913181;S
20240408;100005;164.02;10;10058913184;S
20240408;100005;164.02;40;10058913185;S
20240408;100005;164.03;30;10058913188;B
20240408;100005;164.02;30;10058913191;S
20240408;100005;164.02;20;10058913196;S
20240408;100005;164.03;10;10058913199;B
20240408;100005;164.02;20;10058913202;S
20240408;100005;164.02;10;10058913203;S
20240408;100005;164.02;10;10058913217;S
20240408;100005;164.02;270;10058913307;S
20240408;100005;164.02;230;10058913308;S
20240408;100005;164.02;10;10058913369;S
20240408;100005;164.02;10;10058913372;S
20240408;100005;164.03;10;10058913376;B
20240408;100005;164.03;10;10058913380;B
20240408;100005;164.03;10;10058913386;B
20240408;100005;164.02;50;10058913391;S
20240408;100005;164.02;10;10058913392;S
20240408;100005;164.03;10;10058913393;B
20240408;100005;164.03;10;10058913399;B
20240408;100005;164.03;10;10058913403;B
20240408;100005;164.03;30;10058913957;B
20240408;100006;164.03;10;10058914341;B
20240408;100006;164.03;10;10058914638;B
20240408;100006;164.03;10;10058914652;B
20240408;100006;164.03;10;10058914661;B
20240408;100006;164.03;20;10058914665;B
20240408;100006;164.03;10;10058914673;B
20240408;100006;164.03;10;10058914682;B
20240408;100006;164.02;10;10058914693;S
20240408;100006;164.02;80;10058914700;S
20240408;100006;164.03;10;10058914703;B
20240408;100006;164.02;10;10058914713;S
20240408;100006;164.03;10;10058914741;B
20240408;100006;164.03;10;10058914755;B
20240408;100006;164.02;10;10058914766;S
20240408;100006;164.02;10;10058914770;S
20240408;100006;164.02;10;10058914781;S
20240408;100006;164.03;40;10058914789;B
20240408;100006;164.02;10;10058915160;S
20240408;100006;164.02;10;10058915176;S
20240408;100006;164.03;10;10058915305;B
20240408;100006;164.03;30;10058915309;B
20240408;100006;164.03;20;10058915310;B
20240408;100006;164.03;30;10058915315;B
20240408;100006;164.02;20;10058915316;S
20240408;100006;164.02;10;10058915317;S
20240408;100006;164.02;10;10058915320;S
20240408;100006;164.03;10;10058915331;B
20240408;100006;164.03;10;10058915335;B
20240408;100006;164.03;10;10058915339;B
20240408;100006;164.03;10;10058915344;B
20240408;100006;164.03;40;10058915346;B
20240408;100006;164.02;30;10058915349;S
20240408;100006;164.02;10;10058915350;S
20240408;100006;164.03;10;10058915353;B
20240408;100006;164.02;10;10058915365;S
20240408;100006;164.03;10;10058915373;B
20240408;100006;164.02;20;10058915379;S
20240408;100006;164.03;10;10058915381;B
20240408;100006;164.02;10;10058915382;S
20240408;100006;164.03;10;10058915386;B
20240408;100006;164.03;10;10058915387;B
20240408;100006;164.02;20;10058915399;S
20240408;100006;164.03;30;10058915405;B
20240408;100006;164.02;20;10058915412;S
20240408;100006;164.02;40;10058915425;S
20240408;100006;164.02;10;10058915428;S
20240408;100006;164.03;20;10058915429;B
20240408;100006;164.03;10;10058915431;B
20240408;100006;164.02;30;10058915441;S
20240408;100006;164.02;130;10058915442;S
20240408;100006;164.03;90;10058915443;B
20240408;100006;164.02;20;10058915444;S
20240408;100006;164.02;10;10058915445;S
20240408;100006;164.02;10;10058915447;S
20240408;100006;164.03;10;10058915459;B
20240408;100006;164.03;10;10058915473;B
20240408;100006;164.02;30;10058915484;S
20240408;100006;164.03;10;10058915489;B
20240408;100006;164.03;10;10058915610;B
20240408;100006;164.03;10;10058915653;B
20240408;100006;164.03;10;10058915710;B
20240408;100006;164.03;1000;10058915750;B
20240408;100006;164.03;200;10058915892;B
20240408;100006;164.03;10;10058916020;B
20240408;100006;164.02;30;10058916358;S
20240408;100006;164.03;10;10058916585;B
20240408;100006;164.02;30;10058916590;S
20240408;100006;164.03;10;10058916602;B
20240408;100006;164.03;10;10058916615;B
20240408;100006;164.02;20;10058916620;S
20240408;100006;164.03;10;10058916629;B
20240408;100006;164.03;10;10058916632;B
20240408;100006;164.02;10;10058916646;S
20240408;100006;164.02;10;10058916650;S
20240408;100006;164.02;1500;10058916652;S
20240408;100006;164.02;100;10058916653;S
20240408;100006;164.02;500;10058916654;S
20240408;100006;164.02;100;10058916655;S
20240408;100006;164.01;1200;10058916656;S
20240408;100006;164.02;10;10058916662;B
20240408;100006;164.01;100;10058916672;B
20240408;100006;164.01;10;10058916684;B
20240408;100006;164;70;10058916694;S
20240408;100006;164.01;10;10058916699;B
20240408;100006;164;100;10058916704;S
20240408;100006;164;10;10058916710;S
20240408;100006;164;140;10058916821;S
20240408;100006;164;20;10058916822;S
20240408;100006;163.94;40;10058916823;S
20240408;100006;163.94;400;10058916948;S
20240408;100006;163.93;210;10058916949;S
20240408;100006;163.92;390;10058916950;S
20240408;100007;163.92;1110;10058917625;S
20240408;100007;163.91;40;10058917626;S
20240408;100007;163.91;90;10058917627;S
20240408;100007;164.01;20;10058917864;B
20240408;100007;164.01;10;10058917869;B
20240408;100007;163.91;20;10058917872;S
20240408;100007;163.91;10;10058917879;S
20240408;100007;163.91;40;10058917886;S
20240408;100007;164.01;10;10058917888;B
20240408;100007;164.01;10;10058917896;B
20240408;100007;164.01;10;10058917900;B
20240408;100007;163.91;10;10058917912;S
20240408;100007;163.91;30;10058917914;S
20240408;100007;164.01;10;10058917921;B
20240408;100007;163.91;10;10058918067;S
20240408;100007;163.91;30;10058918068;S
20240408;100007;164.01;10;10058918070;B
20240408;100007;164.01;10;10058918073;B
20240408;100007;164.01;10;10058918077;B
20240408;100007;163.91;10;10058918081;S
20240408;100007;163.91;10;10058918092;S
20240408;100007;163.91;10;10058918396;S
20240408;100008;163.99;300;10058919139;B
20240408;100008;164;350;10058919140;B
20240408;100008;164.02;850;10058919141;B
20240408;100008;164.01;300;10058919226;B
20240408;100008;164.02;130;10058919227;B
20240408;100008;163.91;60;10058919538;S
20240408;100008;164.01;10;10058919540;B
20240408;100008;164.01;10;10058919543;B
20240408;100008;164.01;10;10058919544;B
20240408;100008;163.91;10;10058919545;S
20240408;100008;163.91;10;10058919546;S
20240408;100008;163.91;250;10058919547;S
20240408;100008;164.01;30;10058919558;B
20240408;100008;164.01;10;10058919559;B
20240408;100008;163.91;10;10058919560;S
20240408;100008;163.91;10;10058920225;S
20240408;100008;164;10;10058920231;B
20240408;100008;164;10;10058920239;B
20240408;100008;164;10;10058920246;B
20240408;100008;163.91;10;10058920252;S
20240408;100008;164;10;10058920256;B
20240408;100008;163.91;10;10058920261;S
20240408;100008;163.91;20;10058920266;S
20240408;100008;164;20;10058920271;B
20240408;100008;164;10;10058920278;B
20240408;100008;164;10;10058920280;B
20240408;100008;163.91;10;10058920285;S
20240408;100008;163.91;10;10058920289;S
20240408;100008;163.91;70;10058920292;S
20240408;100008;163.91;20;10058920297;S
20240408;100008;164;180;10058920299;B
20240408;100008;164;10;10058920302;B
20240408;100008;164;30;10058920303;B
20240408;100008;164.01;70;10058920304;B
20240408;100008;164;300;10058920683;B
20240408;100008;164.01;70;10058920684;B
20240408;100008;164.02;860;10058920685;B
20240408;100008;164.02;140;10058920686;B
20240408;100009;164.01;50;10058921003;S
20240408;100009;164.02;10;10058921011;B
20240408;100009;164.01;10;10058921019;S
20240408;100009;164.02;10;10058921024;B
20240408;100009;164.02;10;10058921451;B
20240408;100009;164.02;10;10058921460;B
20240408;100009;164.01;20;10058921465;S
20240408;100009;164.01;10;10058921471;S
20240408;100009;164.02;10;10058921476;B
20240408;100009;164.01;10;10058921488;S
20240408;100009;164.02;10;10058921496;B
20240408;100009;164.01;10;10058921501;S
20240408;100009;164.01;10;10058921510;S
20240408;100009;164.01;20;10058921517;S
20240408;100009;164.01;10;10058921541;S
20240408;100009;164.01;10;10058921544;S
20240408;100009;164.01;10;10058921551;S
20240408;100009;164.02;10;10058921554;B
20240408;100009;164.02;40;10058921557;B
20240408;100009;164.02;50;10058921562;B
20240408;100009;164.02;10;10058921568;B
20240408;100009;164.02;10;10058921629;B
20240408;100009;164.01;10;10058921660;S
20240408;100009;164.01;10;10058921669;S
20240408;100009;164.02;10;10058921687;B
20240408;100009;164.01;140;10058921698;S
20240408;100009;163.99;60;10058921699;S
20240408;100009;164.01;10;10058921710;B
20240408;100009;164.01;10;10058921824;B
20240408;100009;164.01;10;10058921835;B
20240408;100009;164.01;10;10058921854;B
20240408;100009;163.99;240;10058921923;S
20240408;100009;163.99;20;10058921924;S
20240408;100009;164.01;10;10058921943;B
20240408;100009;163.99;10;10058921956;S
20240408;100009;163.99;30;10058921972;S
20240408;100009;164.01;70;10058921991;B
20240408;100009;164.01;10;10058922688;B
20240408;100009;163.99;10;10058922694;S
20240408;100009;164.01;170;10058922699;B
20240408;100009;164.02;80;10058922700;B
20240408;100009;163.99;70;10058922702;S
20240408;100009;164.01;10;10058922713;B
20240408;100009;163.99;10;10058922717;S
20240408;100009;163.99;10;10058922726;S
20240408;100009;164.01;10;10058922743;B
20240408;100009;163.99;10;10058922762;S
20240408;100009;163.99;10;10058922771;S
20240408;100009;163.99;20;10058922789;S
20240408;100009;163.99;10;10058922798;S
20240408;100010;164.01;10;10058922806;B
20240408;100010;163.99;10;10058922809;S
20240408;100010;163.99;20;10058922823;S
20240408;100010;163.99;10;10058922826;S
20240408;100010;163.99;10;10058922832;S
20240408;100010;164.01;10;10058922837;B
20240408;100010;163.99;20;10058922872;S
20240408;100010;164.01;10;10058922946;B
20240408;100010;163.99;10;10058922951;S
20240408;100010;163.99;10;10058922961;S
20240408;100010;164.01;10;10058922965;B
20240408;100010;163.93;10;10058922969;S
20240408;100010;163.93;10;10058922975;S
20240408;100010;163.93;10;10058922984;S
20240408;100010;164.01;10;10058922998;B
20240408;100010;164.01;100;10058923011;B
20240408;100010;163.93;10;10058923023;S
20240408;100010;163.93;10;10058923075;S
20240408;100010;164.01;70;10058923079;B
20240408;100010;164.01;10;10058923085;B
20240408;100010;164.01;50;10058923285;B
20240408;100010;164.02;340;10058923286;B
20240408;100010;164.01;300;10058923354;B
20240408;100010;164.02;340;10058923355;B
20240408;100010;164.02;40;10058923538;B
20240408;100010;163.93;10;10058923548;S
20240408;100010;163.93;160;10058923648;S
20240408;100010;164.01;30;10058923692;B
20240408;100010;163.91;190;10058923761;S
20240408;100010;164.01;150;10058924033;B
20240408;100010;164.02;10;10058924638;B
20240408;100011;164.02;10;10058924945;B
20240408;100011;163.91;20;10058924946;S
20240408;100011;163.91;10;10058924948;S
20240408;100011;164.02;10;10058924949;B
20240408;100011;163.91;10;10058924950;S
20240408;100011;163.91;10;10058924951;S
20240408;100011;163.91;30;10058924952;S
20240408;100011;163.91;10;10058924954;S
20240408;100011;164.02;10;10058924955;B
20240408;100011;164.02;10;10058924959;B
20240408;100011;163.91;400;10058925317;S
20240408;100011;164.02;30;10058925541;B
20240408;100011;163.91;10;10058925796;S
20240408;100011;163.91;10;10058925799;S
20240408;100011;164.02;10;10058925803;B
20240408;100011;163.91;10;10058925808;S
20240408;100011;164.02;20;10058925811;B
20240408;100011;164.02;10;10058925814;B
20240408;100011;164.02;10;10058925819;B
20240408;100011;163.91;10;10058925821;S
20240408;100011;164.02;10;10058925824;B
20240408;100011;164.02;20;10058925826;B
20240408;100011;164.02;100;10058925828;B
20240408;100011;164.02;10;10058925831;B
20240408;100011;164.02;10;10058926275;B
20240408;100011;163.91;10;10058926278;S
20240408;100011;164.02;10;10058926281;B
20240408;100011;164.02;10;10058926284;B
20240408;100011;163.91;10;10058926287;S
20240408;100011;164.02;10;10058926289;B
20240408;100011;164.02;10;10058926290;B
20240408;100011;164.02;10;10058926292;B
20240408;100011;164.02;10;10058926293;B
20240408;100011;164.02;10;10058926295;B
20240408;100011;164.02;10;10058926296;B
20240408;100011;163.91;10;10058926302;S
20240408;100011;164.02;10;10058926309;B
20240408;100011;163.91;10;10058926314;S
20240408;100011;164.02;10;10058926315;B
20240408;100011;163.91;20;10058926317;S
20240408;100011;163.91;10;10058926319;S
20240408;100011;163.91;10;10058926324;S
20240408;100011;164;10;10058926445;B
20240408;100011;164;20;10058926637;B
20240408;100011;163.91;10;10058926675;S
20240408;100011;164;450;10058926701;B
20240408;100012;163.91;70;10058926909;S
20240408;100012;164.02;20;10058926955;B
20240408;100012;164.02;10;10058927019;B
20240408;100012;164.02;10;10058927026;B
20240408;100012;163.91;10;10058927032;S
20240408;100012;164.02;10;10058927039;B
20240408;100012;163.91;30;10058927046;S
20240408;100012;163.91;10;10058927057;S
20240408;100012;163.91;10;10058927849;S
20240408;100012;164.02;10;10058928473;B
20240408;100012;163.91;10;10058928475;S
20240408;100012;164.02;10;10058928477;B
20240408;100012;163.91;10;10058928479;S
20240408;100012;163.91;10;10058928482;S
20240408;100012;163.91;10;10058928484;S
20240408;100012;163.91;10;10058928487;S
20240408;100012;163.91;10;10058928490;S
20240408;100012;163.91;10;10058928491;S
20240408;100012;164.02;10;10058928493;B
20240408;100012;164.02;10;10058928496;B
20240408;100012;163.91;10;10058928498;S
20240408;100012;163.91;120;10058928502;S
20240408;100012;163.91;90;10058928503;S
20240408;100012;163.91;10;10058928507;S
20240408;100012;164.02;10;10058928509;B
20240408;100012;164.02;10;10058928690;B
20240408;100012;163.91;10;10058928692;S
20240408;100012;164.02;10;10058928694;B
20240408;100012;164.02;10;10058928696;B
20240408;100012;163.91;10;10058928698;S
20240408;100012;164.02;10;10058928699;B
20240408;100012;163.91;10;10058928700;S
20240408;100012;163.91;10;10058928701;S
20240408;100012;164.02;20;10058928702;B
20240408;100012;164.02;10;10058928703;B
20240408;100012;163.91;310;10058928704;S
20240408;100013;164.02;10;10058928804;B
20240408;100013;163.91;10;10058928837;S
20240408;100013;164.01;100;10058929181;B
20240408;100013;164.02;1660;10058929182;B
20240408;100013;164.02;1240;10058929183;B
20240408;100014;164.02;30;10058929358;B
20240408;100015;164.02;500;10058929678;B
20240408;100015;163.93;50;10058929750;S
20240408;100015;164.02;10;10058929813;B
20240408;100015;164.02;10;10058930052;B
20240408;100016;164.02;560;10058930202;B
20240408;100016;164.02;760;10058930203;B
20240408;100017;164;30;10058931113;B
20240408;100017;164;470;10058931114;B
20240408;100018;163.94;50;10058931348;S
20240408;100018;163.93;160;10058931349;S
20240408;100018;163.92;50;10058931350;S
20240408;100018;163.92;60;10058931351;S
20240408;100018;163.91;10;10058931408;S
20240408;100018;163.98;160;10058931425;B
20240408;100019;163.91;60;10058931507;S
20240408;100019;163.91;40;10058931682;S
20240408;100020;163.97;10;10058932102;B
20240408;100021;163.97;20;10058932197;B
20240408;100022;163.97;20;10058932485;B
20240408;100022;163.99;10;10058932486;B
20240408;100022;164;10;10058932487;B
20240408;100022;164.02;370;10058932488;B
20240408;100023;163.98;10;10058932967;S
20240408;100023;163.92;190;10058933090;S
20240408;100024;163.92;20;10058933413;S
20240408;100024;163.92;80;10058933414;S
20240408;100025;163.93;30;10058934288;B
20240408;100026;163.97;1530;10058934675;B
20240408;100026;163.97;1110;10058934676;B
20240408;100026;163.98;1920;10058934677;B
20240408;100026;163.99;10;10058934678;B
20240408;100026;163.99;430;10058934679;B
20240408;100027;163.99;10;10058934870;B
20240408;100027;163.99;10;10058935035;B
20240408;100028;163.92;700;10058935231;S
20240408;100028;163.99;10;10058935264;B
20240408;100029;163.99;10;10058935608;B
20240408;100030;163.98;30;10058935763;B
20240408;100030;163.99;100;10058935879;B
20240408;100030;163.99;970;10058935943;B
20240408;100030;164;10;10058935944;B
20240408;100030;164;10;10058935945;B
20240408;100030;164;400;10058935946;B
20240408;100030;164;1240;10058935947;B
20240408;100030;163.99;10;10058935948;B
20240408;100030;163.97;10;10058936160;S
20240408;100031;164;30;10058936485;B
20240408;100031;163.94;300;10058936506;S
20240408;100031;163.93;10;10058936507;S
20240408;100031;163.93;290;10058936508;S
20240408;100031;164;20;10058936580;B
20240408;100032;163.99;10;10058936805;B
20240408;100032;164.01;10;10058936845;B
20240408;100032;164.01;10;10058936846;B
20240408;100032;164.02;280;10058936847;B
20240408;100034;164.01;30;10058937410;B
20240408;100034;164;190;10058937428;S
20240408;100034;164;110;10058937429;S
20240408;100035;164.01;200;10058937743;B
20240408;100036;164;20;10058937811;S
20240408;100037;164;20;10058938145;S
20240408;100037;164;850;10058938174;S
20240408;100037;163.96;300;10058938175;S
20240408;100037;163.92;210;10058938176;S
20240408;100037;163.91;100;10058938177;S
20240408;100037;163.91;50;10058938178;S
20240408;100037;163.9;10;10058938179;S
20240408;100037;163.9;210;10058938180;S
20240408;100037;163.9;530;10058938181;S
20240408;100037;163.9;790;10058938182;S
20240408;100037;163.9;1920;10058938183;S
20240408;100037;163.89;30;10058938184;S
20240408;100037;163.97;10;10058938249;B
20240408;100037;163.91;100;10058938316;S
20240408;100038;163.96;90;10058938642;B
20240408;100039;163.91;10;10058938986;S
20240408;100039;163.96;140;10058938988;B
20240408;100040;163.92;10;10058939204;S
20240408;100041;163.92;80;10058939468;S
20240408;100041;163.94;1000;10058939471;B
20240408;100041;163.95;1000;10058939472;B
20240408;100041;163.96;60;10058939719;B
20240408;100041;163.96;70;10058939722;B
20240408;100041;163.96;30;10058939724;B
20240408;100041;163.96;30;10058939726;B
20240408;100041;163.96;920;10058939730;B
20240408;100041;163.96;10;10058939731;B
20240408;100041;163.97;80;10058939732;B
20240408;100041;163.96;40;10058939733;B
20240408;100041;163.96;210;10058939734;B
20240408;100041;163.96;40;10058939736;B
20240408;100041;163.96;50;10058939737;B
20240408;100041;163.96;770;10058939739;B
20240408;100041;163.97;630;10058939740;B
20240408;100041;163.96;120;10058939741;B
20240408;100041;163.96;60;10058939743;B
20240408;100041;163.96;120;10058939745;B
20240408;100041;163.96;70;10058939749;B
20240408;100041;163.96;110;10058939750;B
20240408;100041;163.96;40;10058939751;B
20240408;100041;163.96;70;10058939752;B
20240408;100041;163.96;130;10058939753;B
20240408;100041;163.96;50;10058939756;B
20240408;100041;163.96;80;10058939757;B
20240408;100041;163.96;200;10058939758;B
20240408;100041;163.96;40;10058939759;B
20240408;100041;163.96;40;10058939763;B
20240408;100041;163.96;40;10058939764;B
20240408;100041;163.96;50;10058939766;B
20240408;100041;163.96;30;10058939767;B
20240408;100041;163.96;1110;10058939772;B
20240408;100041;163.97;820;10058939773;B
20240408;100041;163.97;1400;10058939774;B
20240408;100042;163.92;60;10058939946;S
20240408;100042;163.92;10;10058940058;S
20240408;100043;163.92;10;10058940137;S
20240408;100043;163.99;10;10058940421;B
20240408;100043;163.92;80;10058940484;S
20240408;100044;163.97;40;10058940750;B
20240408;100044;163.97;10;10058940768;B
20240408;100044;163.97;10;10058940797;B
20240408;100045;164.01;10;10058941061;B
20240408;100046;164.01;300;10058941243;B
20240408;100046;163.94;50;10058941519;B
20240408;100046;163.92;50;10058941567;S
20240408;100046;163.92;200;10058941568;S
20240408;100046;163.92;1000;10058941569;S
20240408;100047;163.92;50;10058941809;B
20240408;100047;163.92;10;10058941825;B
20240408;100049;163.92;100;10058942921;B
20240408;100049;163.91;10;10058942960;S
20240408;100049;163.91;10;10058942972;S
20240408;100050;163.91;30;10058943535;S
20240408;100050;163.92;10;10058943671;B
20240408;100051;163.92;10;10058943696;B
20240408;100051;163.92;390;10058943699;B
20240408;100051;163.93;300;10058943700;B
20240408;100051;163.92;300;10058943764;S
20240408;100051;163.92;1180;10058943765;S
20240408;100051;163.93;300;10058943938;S
20240408;100051;163.92;1900;10058943939;S
20240408;100052;163.99;10;10058944179;B
20240408;100053;163.99;160;10058944304;B
20240408;100053;163.99;20;10058944378;B
20240408;100054;163.98;20;10058944634;S
20240408;100054;163.99;20;10058944819;B
20240408;100054;163.99;10;10058944825;B
20240408;100054;163.99;30;10058944907;B
20240408;100055;163.97;10;10058945011;S
20240408;100055;163.97;300;10058945012;S
20240408;100055;163.95;10;10058945013;S
20240408;100055;163.95;10;10058945014;S
20240408;100055;163.95;10;10058945016;S
20240408;100055;163.95;290;10058945107;S
20240408;100055;163.95;210;10058945108;S
20240408;100055;163.95;190;10058945129;S
20240408;100055;163.95;810;10058945130;S
20240408;100055;163.95;100;10058945152;S
20240408;100055;163.95;140;10058945239;S
20240408;100056;163.99;10;10058945343;B
20240408;100056;163.95;150;10058945473;S
20240408;100057;163.96;10;10058945745;S
20240408;100057;163.98;10;10058945779;B
20240408;100057;163.99;850;10058945780;B
20240408;100057;163.99;1530;10058945781;B
20240408;100057;164;2000;10058945782;B
20240408;100057;164;20;10058945783;B
20240408;100057;164;680;10058945784;B
20240408;100057;164.01;3080;10058945785;B
20240408;100057;164.01;1000;10058945786;B
20240408;100057;164.01;460;10058945787;B
20240408;100057;164.01;160;10058945788;B
20240408;100057;164.01;400;10058945789;B
20240408;100057;164.01;600;10058945790;B
20240408;100057;164.01;100;10058945791;B
20240408;100057;164.01;270;10058945792;B
20240408;100057;164.01;30;10058945793;B
20240408;100057;164.01;600;10058945794;B
20240408;100057;164.01;480;10058945795;B
20240408;100058;164.02;200;10058945993;B
20240408;100058;164.02;100;10058945994;B
20240408;100058;164.02;600;10058945995;B
20240408;100058;164.02;600;10058945996;B
20240408;100058;164.01;600;10058945998;B
20240408;100058;164.01;70;10058945999;B
20240408;100058;164.02;50;10058946000;B
20240408;100058;164.02;600;10058946001;B
20240408;100058;164.02;600;10058946002;B
20240408;100058;164.01;600;10058946003;B
20240408;100058;164.01;600;10058946007;B
20240408;100058;164.02;20;10058946121;B
20240408;100058;164;10;10058946305;S
20240408;100059;164.02;50;10058946393;B
20240408;100059;164;100;10058946503;S
20240408;100100;164.01;10;10058946885;S
20240408;100100;164.01;10;10058946900;S
20240408;100100;164.01;10;10058946903;S
20240408;100100;164.01;30;10058946974;S
20240408;100101;164.01;370;10058947156;S
20240408;100101;164.01;40;10058947376;S
20240408;100101;164.02;20;10058947432;B
20240408;100102;164.01;2000;10058947856;S
20240408;100102;164.01;250;10058947917;S
20240408;100102;164.02;30;10058947971;B
20240408;100104;164.02;20;10058948398;B
20240408;100104;164.01;880;10058948472;S
20240408;100104;164.01;120;10058948473;S
20240408;100104;164.01;180;10058948652;S
20240408;100104;164.01;100;10058948653;S
20240408;100104;164.01;520;10058948654;S
20240408;100104;164.01;340;10058948655;S
20240408;100105;164.02;10;10058948881;B
20240408;100105;164.01;30;10058949065;S
20240408;100105;164.01;70;10058949067;S
20240408;100105;164.01;300;10058949068;S
20240408;100105;164.01;100;10058949069;S
20240408;100105;164.01;360;10058949070;S
20240408;100107;164.02;180;10058949647;B
20240408;100108;164.01;10;10058949884;S
20240408;100108;164.02;190;10058949886;B
20240408;100108;164.02;20;10058949997;B
20240408;100109;164.02;1290;10058950560;B
20240408;100109;164.02;30;10058950561;B
20240408;100109;164.02;20;10058950562;B
20240408;100109;164.03;450;10058950563;B
20240408;100109;164.02;190;10058950911;S
20240408;100109;164.03;310;10058951157;B
20240408;100109;164.03;10;10058951367;B
20240408;100110;164.03;100;10058952218;B
20240408;100111;164.02;60;10058952371;S
20240408;100111;164.02;2440;10058952486;S
20240408;100111;164.02;300;10058952487;S
20240408;100111;164.01;900;10058952488;S
20240408;100111;164.01;1400;10058952489;S
20240408;100111;164.01;1400;10058952490;S
20240408;100111;164.01;1200;10058952491;S
20240408;100111;164.01;200;10058952492;S
20240408;100111;164.01;200;10058952493;S
20240408;100111;164.01;200;10058952494;S
20240408;100111;164.01;1000;10058952495;S
20240408;100111;164.01;760;10058952496;S
20240408;100111;164.02;10;10058952539;S
20240408;100111;164.03;2450;10058952701;B
20240408;100112;164.02;10;10058953085;S
20240408;100112;164.02;10;10058953156;S
20240408;100113;164.03;10;10058953552;B
20240408;100113;164.03;10;10058953606;B
20240408;100114;164.02;2000;10058953907;S
20240408;100114;164.02;10;10058953914;S
20240408;100114;164.01;640;10058953915;S
20240408;100114;164.01;50;10058953916;S
20240408;100114;164.02;10;10058953982;B
20240408;100114;164;280;10058954190;S
20240408;100114;164;20;10058954191;S
20240408;100115;164;70;10058954414;S
20240408;100116;164;230;10058954800;S
20240408;100116;164;10;10058954801;S
20240408;100116;164;1000;10058954802;S
20240408;100116;163.99;60;10058954803;S
20240408;100116;164.01;60;10058954845;B
20240408;100116;164.01;10;10058954864;B
20240408;100117;164.01;30;10058955067;B
20240408;100117;164.02;280;10058955068;B
20240408;100117;163.99;50;10058955084;S
20240408;100118;164.02;10;10058955379;B
20240408;100118;164.01;10;10058955510;B
20240408;100119;164.01;990;10058955713;B
20240408;100119;164.02;1010;10058955714;B
20240408;100119;164.02;30;10058955815;B
20240408;100119;164;10;10058955822;S
20240408;100119;164.02;20;10058955850;B
20240408;100119;164.02;10;10058955851;B
20240408;100119;164.02;300;10058955876;B
20240408;100120;164.02;10;10058956140;B
20240408;100120;164.02;30;10058956227;B
20240408;100121;164.02;60;10058956307;B
20240408;100121;164.02;1120;10058956542;B
20240408;100121;164.02;50;10058956543;B
20240408;100121;164.03;280;10058956544;B
20240408;100121;164.02;200;10058956588;B
20240408;100121;164.02;1300;10058956598;B
20240408;100121;164.02;20;10058956623;B
20240408;100122;164.02;1340;10058956726;B
20240408;100122;164.03;160;10058956727;B
20240408;100122;164.03;30;10058956731;B
20240408;100122;164.03;100;10058956817;B
20240408;100122;164.03;2000;10058956896;B
20240408;100123;164.03;30;10058957031;B
20240408;100123;164.03;20;10058957220;B
20240408;100124;164.03;10;10058957260;B
20240408;100124;164;10;10058957289;S
20240408;100124;164;10;10058957347;S
20240408;100124;164;20;10058957415;S
20240408;100125;164;20;10058957579;S
20240408;100125;164;50;10058957725;S
20240408;100126;164.01;10;10058957817;B
20240408;100126;164.02;90;10058957818;B
20240408;100126;164.03;1690;10058957971;B
20240408;100127;164.01;580;10058958148;S
20240408;100127;164.01;300;10058958149;S
20240408;100127;164;1500;10058958150;S
20240408;100127;163.99;200;10058958241;S
20240408;100128;163.99;10;10058958365;S
20240408;100128;163.99;10;10058958648;S
20240408;100129;164;240;10058958796;B
20240408;100129;164;450;10058958820;B
20240408;100131;163.99;280;10058959484;S
20240408;100131;163.99;100;10058959485;S
20240408;100131;163.99;8000;10058959486;S
20240408;100131;163.99;5120;10058959489;B
20240408;100132;164;10;10058959778;B
20240408;100133;163.99;10;10058960086;S
20240408;100133;164;10;10058960151;B
20240408;100134;164;390;10058960455;B
20240408;100134;163.99;100;10058960458;S
20240408;100135;164;30;10058960565;B
20240408;100135;164;100;10058960614;B
20240408;100135;164;100;10058960798;B
20240408;100135;164;500;10058960844;B
20240408;100136;163.99;20;10058961072;S
20240408;100138;163.99;130;10058961643;S
20240408;100139;163.99;300;10058961784;S
20240408;100139;163.99;20;10058961841;S
20240408;100139;164;30;10058961864;B
20240408;100139;163.99;500;10058961872;S
20240408;100140;163.99;30;10058962184;S
20240408;100142;163.99;10;10058962767;S
20240408;100142;164;130;10058962797;B
20240408;100142;164;200;10058962815;B
20240408;100142;163.99;10;10058962995;S
20240408;100143;163.99;10;10058963241;S
20240408;100143;163.99;1000;10058963284;S
20240408;100144;163.99;100;10058963511;S
20240408;100145;163.99;200;10058964027;S
20240408;100145;163.99;560;10058964031;B
20240408;100145;163.99;300;10058964032;B
20240408;100145;163.99;300;10058964033;B
20240408;100145;164;5000;10058964034;B
20240408;100146;163.99;200;10058964099;S
20240408;100146;163.99;10;10058964122;S
20240408;100146;164;430;10058964271;B
20240408;100146;164;10;10058964272;B
20240408;100146;164;2560;10058964273;B
20240408;100146;163.99;60;10058964283;S
20240408;100147;164;50;10058964328;B
20240408;100147;163.99;40;10058964345;S
20240408;100147;163.99;430;10058964346;S
20240408;100147;163.99;660;10058964376;S
20240408;100147;163.99;10;10058964377;S
20240408;100147;163.99;10;10058964542;S
20240408;100147;164;10;10058964603;B
20240408;100148;164;20;10058964621;B
20240408;100148;163.99;120;10058964665;S
20240408;100148;164;370;10058964895;B
20240408;100149;163.99;370;10058965032;S
20240408;100149;164;200;10058965037;B
20240408;100149;163.99;100;10058965068;S
20240408;100149;163.99;410;10058965069;S
20240408;100150;163.99;1000;10058965220;S
20240408;100150;164;40;10058965336;B
20240408;100150;163.99;10;10058965424;S
20240408;100151;164;10;10058965521;B
20240408;100151;164;700;10058965642;B
20240408;100153;164;10;10058966096;B
20240408;100153;164;20;10058966101;B
20240408;100154;164;500;10058966378;B
20240408;100155;164;30;10058966548;B
20240408;100155;164;5080;10058966549;B
20240408;100156;164;10;10058966692;B
20240408;100156;164;90;10058966921;B
20240408;100156;164;50;10058966926;B
20240408;100156;163.99;190;10058967055;S
20240408;100157;164;50;10058967163;B
20240408;100157;164;10;10058967168;B
20240408;100157;164;190;10058967246;B
20240408;100157;164;30;10058967247;B
20240408;100157;164;80;10058967248;B
20240408;100157;164.01;700;10058967249;B
20240408;100157;164.01;500;10058967250;B
20240408;100157;164;200;10058967261;S
20240408;100158;164.01;40;10058967517;B
20240408;100158;164;20;10058967520;S
20240408;100159;164.01;20;10058967669;B
20240408;100159;164;460;10058967717;S
20240408;100159;163.99;3230;10058967718;S
20240408;100201;164;30;10058968516;S
20240408;100202;164.01;10;10058968682;B
20240408;100203;164.01;70;10058968850;B
20240408;100203;164;10;10058968907;S
20240408;100203;164.01;500;10058968910;B
20240408;100203;164;300;10058968949;S
20240408;100203;164.01;60;10058968982;B
20240408;100204;164.01;600;10058969103;B
20240408;100204;164;30;10058969116;S
20240408;100204;164;1500;10058969210;S
20240408;100205;164.01;10;10058969339;B
20240408;100206;164.01;20;10058969622;B
20240408;100206;164;500;10058969669;S
20240408;100207;164;100;10058969837;S
20240408;100207;164;300;10058969838;S
20240408;100207;164;10;10058969863;S
20240408;100207;164;50;10058969953;S
20240408;100207;164.01;10;10058969982;B
20240408;100208;164;640;10058970250;S
20240408;100208;164;10;10058970251;S
20240408;100208;164;70;10058970252;S
20240408;100208;164.01;10;10058970283;B
20240408;100208;164.01;20;10058970286;B
20240408;100209;164;30;10058970389;S
20240408;100209;164;20;10058970390;S
20240408;100209;164;40;10058970567;S
20240408;100209;164;10;10058970568;S
20240408;100209;164;1950;10058970569;S
20240408;100210;164.01;1820;10058970804;B
20240408;100210;164.01;2110;10058970933;B
20240408;100210;164.01;1800;10058970941;B
20240408;100210;164.01;100;10058970943;B
20240408;100211;164.01;10;10058971007;B
20240408;100211;164;6320;10058971137;S
20240408;100212;164;1730;10058971375;S
20240408;100212;164;10;10058971376;S
20240408;100212;164;100;10058971377;S
20240408;100212;164;100;10058971378;S
20240408;100212;164.01;20;10058971452;B
20240408;100212;164.01;1000;10058971673;B
20240408;100212;164;600;10058971710;S
20240408;100212;164;720;10058971711;S
20240408;100213;164.01;1270;10058971963;B
20240408;100213;164.01;40;10058971964;B
20240408;100213;164.01;690;10058971965;B
20240408;100213;164.02;10;10058971966;B
20240408;100213;164.02;190;10058971967;B
20240408;100213;164.02;30;10058972021;B
20240408;100213;164.02;5000;10058972248;B
20240408;100213;164.01;10;10058972292;S
20240408;100214;164.02;10;10058972322;B
20240408;100214;164.02;20;10058972613;B
20240408;100215;164.02;10;10058972805;B
20240408;100216;164.02;30;10058973163;B
20240408;100217;164.02;200;10058973222;B
20240408;100217;164.02;3270;10058973441;B
20240408;100218;164.02;10;10058973602;B
20240408;100219;164.02;30;10058973799;B
20240408;100219;164.02;10;10058973809;B
20240408;100220;164.01;20;10058974051;S
20240408;100220;164.01;980;10058974052;S
20240408;100220;164.02;20;10058974055;B
20240408;100220;164.01;10;10058974062;S
20240408;100220;164.01;30;10058974067;S
20240408;100220;164.01;10;10058974189;S
20240408;100220;164.02;3170;10058974232;B
20240408;100220;164.02;30;10058974233;B
20240408;100220;164.02;1000;10058974234;B
20240408;100220;164.03;800;10058974235;B
20240408;100221;164.01;50;10058974253;S
20240408;100221;164.01;40;10058974369;S
20240408;100221;164.01;10;10058974370;S
20240408;100221;164.03;5000;10058974485;B
20240408;100222;164.03;20;10058974752;B
20240408;100222;164.03;50;10058974779;B
20240408;100223;164.01;10;10058975098;S
20240408;100223;164.01;290;10058975117;S
20240408;100223;164.01;560;10058975118;S
20240408;100223;164;1400;10058975119;S
20240408;100223;164;100;10058975120;S
20240408;100223;164;720;10058975121;S
20240408;100223;164;500;10058975122;S
20240408;100223;164;40;10058975123;S
20240408;100223;164;10;10058975124;S
20240408;100223;164;800;10058975125;S
20240408;100223;164;500;10058975126;S
20240408;100223;163.99;1940;10058975127;S
20240408;100224;164.03;50;10058975137;B
20240408;100224;164.03;70;10058975142;B
20240408;100224;164.03;60;10058975144;B
20240408;100224;164.03;200;10058975149;B
20240408;100224;164.03;1090;10058975155;B
20240408;100224;164.03;40;10058975156;B
20240408;100224;164.03;30;10058975157;B
20240408;100224;164.03;40;10058975158;B
20240408;100224;164.03;110;10058975159;B
20240408;100224;164.03;130;10058975161;B
20240408;100224;164.03;40;10058975162;B
20240408;100224;164.03;70;10058975164;B
20240408;100224;164.03;110;10058975166;B
20240408;100224;164.03;40;10058975167;B
20240408;100224;164.03;70;10058975170;B
20240408;100224;164.03;120;10058975173;B
20240408;100224;164.03;1010;10058975174;B
20240408;100224;164.03;40;10058975175;B
20240408;100224;164.03;190;10058975177;B
20240408;100224;164.03;1080;10058975178;B
20240408;100224;164.03;20;10058975179;B
20240408;100224;164.03;160;10058975180;B
20240408;100224;164.03;20;10058975181;B
20240408;100224;164.03;140;10058975182;B
20240408;100224;164.03;50;10058975183;B
20240408;100224;164.03;60;10058975184;B
20240408;100224;164.03;60;10058975185;B
20240408;100224;164.03;80;10058975186;B
20240408;100224;164.03;50;10058975187;B
20240408;100224;164.03;40;10058975188;B
20240408;100224;164.03;40;10058975189;B
20240408;100224;164;80;10058975206;S
20240408;100224;164.03;10;10058975273;B
20240408;100224;164.03;30;10058975331;B
20240408;100225;164.02;20;10058976309;S
20240408;100225;164.03;10;10058976341;B
20240408;100226;164.02;280;10058976791;S
20240408;100226;164.02;720;10058976792;S
20240408;100228;164.02;40;10058977593;S
20240408;100228;164.02;1160;10058977709;S
20240408;100228;164.02;300;10058977710;S
20240408;100228;164.02;1100;10058977712;B
20240408;100228;164.01;10;10058977796;S
20240408;100228;164.01;240;10058977797;S
20240408;100228;164.03;70;10058977885;B
20240408;100229;164.03;470;10058978015;B
20240408;100229;164.03;140;10058978022;B
20240408;100229;164.03;10;10058978147;B
20240408;100229;164.02;300;10058978161;S
20240408;100229;164.02;100;10058978165;B
20240408;100230;164.02;50;10058978268;B
20240408;100230;164.01;40;10058978295;S
20240408;100230;164;10;10058978296;S
20240408;100230;164;20;10058978539;S
20240408;100231;164.01;20;10058978661;B
20240408;100231;164;250;10058978784;S
20240408;100231;164;700;10058978785;S
20240408;100231;164;300;10058978786;S
20240408;100231;163.99;200;10058978787;S
20240408;100231;163.99;8000;10058978788;S
20240408;100231;163.99;10;10058978789;S
20240408;100231;163.99;500;10058978790;S
20240408;100231;163.99;10;10058978791;S
20240408;100231;163.99;700;10058978792;S
20240408;100231;163.99;1000;10058978793;S
20240408;100231;163.98;1000;10058978794;S
20240408;100231;163.97;40;10058978795;S
20240408;100231;163.97;10;10058978796;S
20240408;100231;163.97;1000;10058978797;S
20240408;100231;163.97;500;10058978798;S
20240408;100231;163.97;2500;10058978799;S
20240408;100231;163.96;1000;10058978800;S
20240408;100231;163.96;210;10058978801;S
20240408;100231;163.95;240;10058978802;S
20240408;100231;163.95;750;10058978803;S
20240408;100231;163.95;1000;10058978804;S
20240408;100231;163.95;80;10058978805;S
20240408;100232;163.95;500;10058978832;S
20240408;100233;164.01;10;10058979184;B
20240408;100233;164;20;10058979372;B
20240408;100233;163.95;50;10058979465;S
20240408;100234;163.95;720;10058979709;S
20240408;100234;164;80;10058979732;B
20240408;100234;164.01;120;10058979733;B
20240408;100235;164.01;10;10058979935;B
20240408;100235;163.95;650;10058979956;S
20240408;100235;163.95;810;10058979957;S
20240408;100235;164.01;240;10058980099;B
20240408;100235;164.02;260;10058980100;B
20240408;100235;164.01;50;10058980150;S
20240408;100236;164.01;10;10058980338;B
20240408;100237;164.01;8000;10058980593;S
20240408;100237;164.01;690;10058980594;S
20240408;100237;163.95;100;10058980595;S
20240408;100237;163.94;100;10058980596;S
20240408;100237;163.94;210;10058980597;S
20240408;100237;163.94;10;10058980598;S
20240408;100237;163.94;800;10058980599;S
20240408;100237;163.93;210;10058980600;S
20240408;100237;163.93;20;10058980601;S
20240408;100237;163.92;500;10058980602;S
20240408;100237;163.92;100;10058980603;S
20240408;100237;163.92;210;10058980604;S
20240408;100237;163.92;30;10058980605;S
20240408;100237;163.92;500;10058980606;S
20240408;100237;163.91;210;10058980607;S
20240408;100237;163.91;1000;10058980608;S
20240408;100237;163.91;140;10058980609;S
20240408;100237;163.91;1920;10058980610;S
20240408;100237;163.9;210;10058980611;S
20240408;100237;163.9;20;10058980612;S
20240408;100237;163.9;1000;10058980613;S
20240408;100237;163.89;180;10058980614;S
20240408;100237;163.89;1000;10058980615;S
20240408;100237;163.88;210;10058980616;S
20240408;100237;163.88;1000;10058980617;S
20240408;100237;163.88;1630;10058980618;S
20240408;100238;163.94;20;10058980843;S
20240408;100238;164.01;10;10058981005;B
20240408;100239;164.02;10;10058981207;B
20240408;100239;164.01;10;10058981214;B
20240408;100240;163.97;10;10058981522;S
20240408;100240;163.97;40;10058981722;S
20240408;100241;164.01;10;10058982083;B
20240408;100241;163.97;20;10058982086;S
20240408;100241;164.01;290;10058982186;B
20240408;100241;164.02;1890;10058982187;B
20240408;100242;163.97;8000;10058982228;S
20240408;100242;163.96;680;10058982229;S
20240408;100242;163.96;100;10058982230;S
20240408;100242;163.96;300;10058982231;S
20240408;100242;163.95;10;10058982232;S
20240408;100242;163.95;100;10058982233;B
20240408;100242;163.94;10;10058982306;S
20240408;100242;163.95;20;10058982369;B
20240408;100242;163.95;10;10058982370;B
20240408;100243;163.95;40;10058982520;B
20240408;100243;163.95;200;10058982532;B
20240408;100243;163.95;20;10058982578;B
20240408;100243;163.95;10;10058982603;B
20240408;100243;163.95;10;10058982610;B
20240408;100243;163.95;20;10058982672;B
20240408;100244;163.95;270;10058982830;B
20240408;100244;163.95;1690;10058982840;B
20240408;100244;163.95;2300;10058983008;B
20240408;100245;163.94;90;10058983116;S
20240408;100245;163.94;2400;10058983123;S
20240408;100245;163.94;200;10058983124;S
20240408;100245;163.94;40;10058983125;S
20240408;100245;163.93;680;10058983126;S
20240408;100245;163.91;500;10058983127;S
20240408;100245;163.9;210;10058983128;S
20240408;100245;163.9;10;10058983129;S
20240408;100245;163.9;1920;10058983130;S
20240408;100245;163.9;70;10058983131;S
20240408;100245;163.89;210;10058983132;S
20240408;100245;163.89;1760;10058983133;S
20240408;100245;163.94;690;10058983134;B
20240408;100245;163.94;300;10058983135;B
20240408;100246;163.94;10;10058983385;S
20240408;100246;163.94;180;10058983567;S
20240408;100247;163.94;30;10058983689;S
20240408;100247;163.95;100;10058983801;B
20240408;100247;163.95;100;10058983879;B
20240408;100247;163.95;10;10058983902;B
20240408;100248;163.95;700;10058984208;B
20240408;100250;163.94;20;10058985095;S
20240408;100250;163.95;400;10058985098;B
20240408;100251;163.94;10;10058985327;S
20240408;100251;163.95;300;10058985450;B
20240408;100252;163.94;60;10058985559;S
20240408;100252;163.95;70;10058985568;B
20240408;100252;163.95;200;10058985585;B
20240408;100252;163.95;60;10058985599;B
20240408;100253;163.94;1200;10058985838;S
20240408;100253;163.94;200;10058985839;S
20240408;100253;163.94;50;10058985840;S
20240408;100253;163.94;220;10058985841;S
20240408;100253;163.95;10;10058985971;B
20240408;100254;163.94;10;10058986101;S
20240408;100254;163.95;10;10058986106;B
20240408;100254;163.95;4260;10058986115;B
20240408;100254;163.95;200;10058986116;B
20240408;100254;163.96;300;10058986128;S
20240408;100254;163.95;540;10058986129;S
20240408;100254;163.95;160;10058986130;S
20240408;100254;163.97;10;10058986309;B
20240408;100254;163.97;10;10058986320;B
20240408;100254;163.99;240;10058986321;B
20240408;100254;163.94;20;10058986397;S
20240408;100255;163.99;10;10058986747;B
20240408;100256;163.95;40;10058986768;S
20240408;100256;163.94;980;10058986769;S
20240408;100256;163.99;20;10058986792;B
20240408;100256;164;90;10058986793;B
20240408;100256;164;200;10058986969;B
20240408;100256;164;3320;10058986970;B
20240408;100256;164.01;80;10058986971;B
20240408;100256;164.01;10;10058987068;B
20240408;100257;163.96;220;10058987362;S
20240408;100258;164.01;10;10058987558;B
20240408;100258;164;10;10058987563;B
20240408;100258;164;10;10058987586;B
20240408;100258;164.01;680;10058987587;B
20240408;100258;164.01;400;10058987588;B
20240408;100258;164.01;610;10058987589;B
20240408;100258;164.01;10;10058987590;B
20240408;100258;164.02;890;10058987591;B
20240408;100258;164.02;500;10058987592;B
20240408;100258;164.02;570;10058987593;B
20240408;100258;164.02;1000;10058987594;B
20240408;100258;164.03;140;10058987595;B
20240408;100258;164.03;10;10058987596;B
20240408;100258;164.03;500;10058987597;B
20240408;100258;164.03;10;10058987598;B
20240408;100258;164.03;30;10058987599;B
20240408;100258;164.03;150;10058987600;B
20240408;100258;164.03;10;10058987601;B
20240408;100258;164.03;10;10058987602;B
20240408;100258;164.04;250;10058987603;B
20240408;100258;164.04;1920;10058987604;B
20240408;100258;164.05;10;10058987605;B
20240408;100258;164.05;20;10058987606;B
20240408;100258;164.05;330;10058987607;B
20240408;100258;164.05;20;10058987608;B
20240408;100258;164.06;300;10058987609;B
20240408;100258;164.07;300;10058987610;B
20240408;100258;164.07;1000;10058987611;B
20240408;100258;164.07;320;10058987612;B
20240408;100258;164.07;200;10058987614;B
20240408;100258;164.01;10;10058987652;S
20240408;100258;164.06;6700;10058987867;B
20240408;100258;164.06;1240;10058987934;B
20240408;100258;164.07;280;10058987935;B
20240408;100258;164.07;670;10058987936;B
20240408;100258;164.08;100;10058987952;B
20240408;100258;164.08;100;10058987953;B
20240408;100258;164.09;30;10058987959;B
20240408;100258;164.1;500;10058987983;B
20240408;100258;164.1;10;10058987984;B
20240408;100258;164.1;10;10058987985;B
20240408;100258;164.11;300;10058988056;S
20240408;100258;164.1;520;10058988057;S
20240408;100258;164.07;660;10058988058;S
20240408;100258;164.06;500;10058988059;S
20240408;100258;164.06;6700;10058988060;S
20240408;100258;164.05;2110;10058988061;B
20240408;100259;164.05;20;10058988160;B
20240408;100259;164.03;10;10058988236;S
20240408;100259;164.03;10;10058988283;S
20240408;100259;164.03;10;10058988284;S
20240408;100300;164.03;550;10058988553;S
20240408;100301;164.05;10;10058988816;B
20240408;100301;164.03;10;10058988994;S
20240408;100302;164.05;30;10058989151;B
20240408;100302;164.03;30;10058989194;S
20240408;100302;164.03;4970;10058989325;S
20240408;100302;164.03;660;10058989326;S
20240408;100302;164.01;250;10058989327;S
20240408;100302;164;10;10058989328;S
20240408;100302;164;2000;10058989329;S
20240408;100302;163.99;8000;10058989330;S
20240408;100302;163.99;2500;10058989331;S
20240408;100302;163.99;1610;10058989332;S
20240408;100304;164.02;10;10058990007;B
20240408;100304;164.02;200;10058990022;B
20240408;100305;163.99;100;10058990168;S
20240408;100305;163.99;10;10058990261;S
20240408;100306;163.99;10;10058990431;S
20240408;100306;163.99;50;10058990451;S
20240408;100307;163.99;500;10058990754;S
20240408;100307;163.99;220;10058990793;S
20240408;100308;163.97;10;10058991281;B
20240408;100308;163.97;10;10058991330;B
20240408;100309;163.96;400;10058991351;S
20240408;100309;163.97;220;10058991683;B
20240408;100310;163.96;1920;10058991858;S
20240408;100310;163.95;70;10058991906;S
20240408;100310;163.94;50;10058991907;S
20240408;100310;163.96;50;10058991968;B
20240408;100310;163.96;10;10058992028;B
20240408;100311;163.94;10;10058992127;S
20240408;100311;163.94;760;10058992138;S
20240408;100311;163.96;300;10058992331;B
20240408;100311;163.97;1000;10058992332;B
20240408;100311;163.98;630;10058992333;B
20240408;100312;164.01;100;10058992404;B
20240408;100312;164.01;10;10058992461;B
20240408;100312;163.98;10;10058992563;S
20240408;100313;163.98;50;10058992658;S
20240408;100313;163.98;10;10058992700;S
20240408;100313;163.95;630;10058992701;S
20240408;100313;163.95;10;10058992702;S
20240408;100313;163.95;350;10058992703;S
20240408;100313;163.95;230;10058992710;S
20240408;100313;164.01;190;10058992753;B
20240408;100313;164.02;1000;10058992754;B
20240408;100313;164.03;1770;10058992755;B
20240408;100313;164.03;630;10058992756;B
20240408;100313;164.04;500;10058992757;B
20240408;100313;164.04;580;10058992758;B
20240408;100313;164.05;4150;10058992759;B
20240408;100313;164.05;6000;10058992760;B
20240408;100313;164.05;30;10058992761;B
20240408;100313;164.05;150;10058992762;B
20240408;100314;164.05;80;10058992909;B
20240408;100314;164;300;10058992919;S
20240408;100314;163.99;10;10058993086;S
20240408;100314;163.99;880;10058993161;S
20240408;100314;163.99;300;10058993162;S
20240408;100316;164;10;10058993534;B
20240408;100316;163.95;50;10058993562;S
20240408;100316;164;690;10058993655;B
20240408;100316;164.01;300;10058993656;B
20240408;100316;164.02;610;10058993657;B
20240408;100316;164.05;270;10058993658;B
20240408;100316;164.05;130;10058993659;S
20240408;100316;163.98;10;10058993756;S
20240408;100317;163.99;50;10058993902;S
20240408;100317;163.98;600;10058993903;S
20240408;100317;163.98;2500;10058993904;S
20240408;100317;163.97;850;10058993905;S
20240408;100318;164.04;60;10058994191;B
20240408;100318;164.02;10;10058994276;B
20240408;100318;163.97;1000;10058994325;S
20240408;100318;164.02;290;10058994350;B
20240408;100318;164.03;1000;10058994351;B
20240408;100318;164.04;200;10058994352;B
20240408;100318;164.04;610;10058994353;B
20240408;100318;164.04;90;10058994354;B
20240408;100318;163.97;50;10058994663;S
20240408;100318;164.03;300;10058994832;B
20240408;100318;164.04;680;10058994833;B
20240408;100319;164.04;100;10058994904;B
20240408;100319;163.98;10;10058995104;S
20240408;100319;164.04;60;10058995178;B
20240408;100320;164.04;60;10058995348;B
20240408;100320;163.99;50;10058995433;B
20240408;100320;164.04;750;10058995434;B
20240408;100321;163.98;290;10058995707;S
20240408;100321;163.98;600;10058995708;S
20240408;100321;163.98;420;10058995709;S
20240408;100321;163.98;60;10058995788;B
20240408;100322;163.95;1000;10058996039;S
20240408;100322;163.95;370;10058996040;S
20240408;100322;164.01;20;10058996102;B
20240408;100322;164.01;180;10058996179;B
20240408;100323;163.99;40;10058996578;B
20240408;100325;163.99;100;10058996926;B
20240408;100325;163.98;10;10058996933;S
20240408;100326;164;1000;10058997140;B
20240408;100326;164;10;10058997167;B
20240408;100326;164.02;60;10058997168;B
20240408;100326;164.02;590;10058997169;B
20240408;100326;164.02;300;10058997170;B
20240408;100326;164.03;40;10058997171;B
20240408;100326;164.02;240;10058997218;B
20240408;100326;163.98;60;10058997226;S
20240408;100326;163.99;10;10058997338;B
20240408;100327;163.99;10;10058997511;B
20240408;100327;164.03;960;10058997512;B
20240408;100327;164.03;130;10058997513;B
20240408;100328;164.01;50;10058997733;B
20240408;100328;164.05;30;10058997734;B
20240408;100328;164.06;20;10058997735;B
20240408;100328;164.04;20;10058997819;B
20240408;100329;163.99;60;10058998060;S
20240408;100329;164.03;10;10058998107;B
20240408;100329;163.99;240;10058998167;S
20240408;100329;163.98;330;10058998168;S
20240408;100329;163.98;430;10058998169;S
20240408;100330;164.03;10;10058998262;B
20240408;100330;164.01;10;10058998289;S
20240408;100330;164.03;10;10058998429;B
20240408;100330;164.01;10;10058998456;S
20240408;100331;164.01;10;10058998516;S
20240408;100331;164.01;10;10058998556;S
20240408;100331;164.01;10;10058998586;S
20240408;100331;164.01;20;10058998708;S
20240408;100331;164.01;10;10058998719;S
20240408;100332;164.03;50;10058998731;B
20240408;100332;164.02;520;10058998762;S
20240408;100332;164;10;10058998792;S
20240408;100332;164;10;10058998870;S
20240408;100332;164;40;10058998872;S
20240408;100333;164;20;10058999032;S
20240408;100333;164;1740;10058999066;S
20240408;100333;163.99;480;10058999067;S
20240408;100333;164.02;570;10058999153;B
20240408;100333;164.02;520;10058999154;B
20240408;100334;164.02;480;10058999268;B
20240408;100334;164.03;20;10058999269;B
20240408;100334;164.03;10;10058999299;B
20240408;100335;164.03;890;10058999731;B
20240408;100336;164.04;40;10058999789;B
20240408;100336;164.03;110;10058999958;S
20240408;100336;164.03;300;10058999959;S
20240408;100336;164.02;500;10058999960;S
20240408;100336;164.02;300;10058999981;S
20240408;100336;164.01;500;10058999982;S
20240408;100336;164.01;200;10058999983;S
20240408;100337;164.04;310;10059000043;B
20240408;100337;164.03;300;10059000192;S
20240408;100339;164.04;100;10059000873;B
20240408;100340;164.02;300;10059001054;S
20240408;100340;164.01;200;10059001055;S
20240408;100340;164.03;500;10059001102;S
20240408;100340;164.03;300;10059001103;S
20240408;100340;164.02;550;10059001104;S
20240408;100341;164;100;10059001176;S
20240408;100341;164;100;10059001200;S
20240408;100341;164;10;10059001225;S
20240408;100341;164;90;10059001226;S
20240408;100341;164;10;10059001255;S
20240408;100341;164;90;10059001256;S
20240408;100341;164;10;10059001285;S
20240408;100341;164.01;210;10059001287;B
20240408;100341;164.03;10;10059001311;S
20240408;100341;164.03;100;10059001326;S
20240408;100341;164.03;10;10059001357;S
20240408;100341;164.03;100;10059001364;S
20240408;100341;164.03;70;10059001403;S
20240408;100341;164.04;10;10059001421;B
20240408;100342;163.99;100;10059001440;S
20240408;100342;163.99;100;10059001551;S
20240408;100342;164.04;10;10059001612;B
20240408;100342;163.99;100;10059001613;S
20240408;100342;163.99;100;10059001648;S
20240408;100342;163.99;100;10059001684;S
20240408;100342;163.99;100;10059001722;S
20240408;100342;163.97;100;10059001756;S
20240408;100343;163.97;1900;10059001887;S
20240408;100344;163.96;370;10059002182;S
20240408;100344;163.97;100;10059002206;B
20240408;100344;163.97;20;10059002223;B
20240408;100346;163.97;880;10059002694;B
20240408;100346;163.97;120;10059002695;B
20240408;100347;163.99;10;10059002906;B
20240408;100347;163.96;100;10059002923;S
20240408;100348;163.99;290;10059003113;B
20240408;100348;164;10;10059003114;B
20240408;100348;164.01;540;10059003115;B
20240408;100348;164.02;90;10059003116;B
20240408;100348;164.02;1720;10059003117;B
20240408;100348;164.03;350;10059003118;B
20240408;100348;164;10;10059003170;B
20240408;100348;164.01;10;10059003217;B
20240408;100348;163.96;40;10059003233;S
20240408;100348;163.96;500;10059003237;S
20240408;100349;163.96;50;10059003403;S
20240408;100349;163.96;1100;10059003404;S
20240408;100349;163.96;30;10059003508;S
20240408;100350;163.98;300;10059003643;B
20240408;100351;163.98;20;10059003775;B
20240408;100351;163.97;10;10059003821;S
20240408;100352;163.98;280;10059004083;B
20240408;100352;163.98;120;10059004084;B
20240408;100352;163.96;100;10059004092;S
20240408;100352;163.96;40;10059004093;S
20240408;100353;163.98;20;10059004277;B
20240408;100353;163.95;100;10059004321;S
20240408;100353;163.95;110;10059004322;S
20240408;100354;163.98;90;10059004491;B
20240408;100354;163.98;10;10059004656;B
20240408;100355;163.98;30;10059004717;B
20240408;100356;163.95;10;10059004973;S
20240408;100356;163.98;10;10059005012;B
20240408;100356;163.95;20;10059005057;S
20240408;100356;163.95;50;10059005100;S
20240408;100356;163.94;50;10059005101;S
20240408;100357;163.98;10;10059005498;B
20240408;100357;163.98;10;10059005550;B
20240408;100357;163.98;40;10059005633;B
20240408;100357;163.98;10;10059005656;B
20240408;100357;163.98;70;10059005658;B
20240408;100357;163.98;530;10059005659;B
20240408;100357;163.99;1000;10059005660;B
20240408;100357;164;500;10059005661;B
20240408;100359;164;10;10059006017;S
20240408;100359;164;80;10059006057;S
20240408;100400;164;100;10059006320;S
20240408;100400;164.01;10;10059006451;B
20240408;100400;164;10;10059006530;S
20240408;100400;164;50;10059006533;S
20240408;100401;164.01;210;10059006574;B
20240408;100401;164.01;200;10059006726;B
20240408;100402;164.01;10;10059006861;B
20240408;100403;164.01;100;10059007077;B
20240408;100403;164.01;10;10059007088;B
20240408;100404;164;10;10059007202;S
20240408;100404;164.01;50;10059007224;B
20240408;100404;164;10;10059007335;S
20240408;100404;164;10;10059007351;S
20240408;100405;164.01;40;10059007470;B
20240408;100405;164.01;10;10059007672;B
20240408;100406;164.01;10;10059007757;B
20240408;100406;164.01;280;10059007793;B
20240408;100406;164;5000;10059007966;S
20240408;100407;164;2620;10059008135;S
20240408;100407;164;300;10059008136;S
20240408;100407;164;1000;10059008143;B
20240408;100409;163.99;10;10059008651;B
20240408;100410;163.99;20;10059009054;B
20240408;100410;163.99;100;10059009065;B
20240408;100410;163.99;70;10059009129;B
20240408;100410;163.99;40;10059009168;B
20240408;100411;164;10;10059009222;B
20240408;100411;163.98;10;10059009262;S
20240408;100411;163.98;60;10059009288;S
20240408;100411;163.99;100;10059009365;B
20240408;100411;163.98;10;10059009423;S
20240408;100413;164;100;10059009815;B
20240408;100414;163.98;10;10059009960;S
20240408;100415;164;150;10059010237;B
20240408;100416;164;10;10059010483;B
20240408;100416;164;30;10059010489;B
20240408;100416;164;30;10059010525;B
20240408;100416;164;90;10059010535;B
20240408;100416;164;120;10059010536;B
20240408;100416;164;100;10059010546;B
20240408;100417;163.98;10;10059010882;S
20240408;100418;163.98;10;10059010896;S
20240408;100419;164;50;10059011185;B
20240408;100420;164;10;10059011519;B
20240408;100420;164;500;10059011641;B
20240408;100421;164;350;10059012094;B
20240408;100422;164;10;10059012163;B
20240408;100422;164;10;10059012231;B
20240408;100422;164;20;10059012283;B
20240408;100422;164;200;10059012385;B
20240408;100423;163.98;110;10059012473;S
20240408;100423;164;10;10059012553;B
20240408;100423;164;20;10059012556;B
20240408;100423;164;10;10059012635;B
20240408;100424;163.98;10;10059012641;S
20240408;100425;163.99;10;10059013220;B
20240408;100425;164;20;10059013221;B
20240408;100426;163.99;900;10059013255;B
20240408;100426;163.98;50;10059013262;S
20240408;100426;163.98;10;10059013408;S
20240408;100426;164;20;10059013417;B
20240408;100427;163.98;310;10059013583;S
20240408;100427;163.98;30;10059013584;S
20240408;100427;163.98;10;10059013585;S
20240408;100427;163.98;10;10059013586;S
20240408;100427;163.98;200;10059013588;B
20240408;100427;163.98;200;10059013597;B
20240408;100427;163.98;80;10059013672;B
20240408;100427;163.97;80;10059013720;S
20240408;100428;163.96;10;10059013749;S
20240408;100428;163.96;200;10059013750;S
20240408;100428;163.98;10;10059014001;B
20240408;100428;163.98;10;10059014013;B
20240408;100429;163.98;10;10059014077;B
20240408;100429;163.98;30;10059014151;B
20240408;100429;163.96;10;10059014271;S
20240408;100430;163.98;160;10059014313;B
20240408;100431;164;10;10059014669;B
20240408;100431;163.98;40;10059014755;S
20240408;100431;163.97;460;10059014756;S
20240408;100432;163.97;10;10059014862;S
20240408;100433;163.98;10;10059015218;B
20240408;100433;163.98;1360;10059015404;B
20240408;100434;164;200;10059015478;B
20240408;100434;164;1000;10059015479;B
20240408;100434;163.99;10;10059015511;S
20240408;100434;164;20;10059015522;B
20240408;100434;163.99;10;10059015615;S
20240408;100435;164;510;10059015704;B
20240408;100435;164;30;10059015705;B
20240408;100435;164.02;1190;10059015706;B
20240408;100435;164.03;9660;10059015707;B
20240408;100435;164.03;5110;10059015708;B
20240408;100436;164;300;10059016024;S
20240408;100436;164;510;10059016025;S
20240408;100436;164;910;10059016026;S
20240408;100436;163.99;430;10059016027;S
20240408;100436;164;300;10059016114;S
20240408;100436;164;10;10059016115;B
20240408;100436;164;100;10059016172;B
20240408;100437;164;160;10059016182;B
20240408;100437;164;1430;10059016590;B
20240408;100437;164;10;10059016591;B
20240408;100437;164.01;300;10059016592;B
20240408;100437;164.01;260;10059016593;B
20240408;100437;164.02;480;10059016599;B
20240408;100438;163.99;10;10059016604;S
20240408;100438;164.02;10;10059016610;B
20240408;100439;163.99;10;10059016955;S
20240408;100439;164;170;10059016995;S
20240408;100439;164.02;80;10059017050;B
20240408;100439;164.02;30;10059017111;B
20240408;100440;164;10;10059017212;S
20240408;100440;164.02;1000;10059017350;B
20240408;100440;164;50;10059017356;S
20240408;100440;164;10;10059017371;S
20240408;100440;164;10;10059017420;S
20240408;100440;164;10;10059017450;S
20240408;100441;164.02;10;10059017483;B
20240408;100441;164;10;10059017530;S
20240408;100441;164;10;10059017550;S
20240408;100441;164.02;740;10059017672;B
20240408;100443;164.01;10;10059017966;B
20240408;100443;164.01;140;10059018040;B
20240408;100443;164.01;210;10059018080;B
20240408;100444;164.01;140;10059018281;B
20240408;100444;164.01;20;10059018282;B
20240408;100444;164.01;300;10059018356;S
20240408;100444;164;220;10059018357;S
20240408;100444;164;200;10059018358;S
20240408;100444;164;280;10059018359;S
20240408;100446;164.02;50;10059018910;B
20240408;100446;164.03;10;10059018911;B
20240408;100447;164.02;200;10059019277;B
20240408;100448;164;720;10059019484;S
20240408;100448;164;510;10059019485;S
20240408;100448;164;450;10059019486;S
20240408;100448;163.99;320;10059019487;S
20240408;100448;164.01;10;10059019515;B
20240408;100449;164.01;20;10059019727;B
20240408;100449;163.99;850;10059019786;S
20240408;100449;163.99;1150;10059019787;S
20240408;100449;164.01;150;10059019835;B
20240408;100451;163.97;100;10059020229;S
20240408;100451;164;10;10059020317;S
20240408;100451;164.01;10;10059020387;B
20240408;100451;164.01;20;10059020390;B
20240408;100452;163.97;10;10059020630;S
20240408;100452;164.01;50;10059020648;B
20240408;100453;164;200;10059020676;B
20240408;100453;164;10;10059020757;B
20240408;100454;164;10;10059021037;B
20240408;100454;163.97;50;10059021107;S
20240408;100455;163.96;290;10059021236;S
20240408;100455;164;20;10059021433;B
20240408;100456;163.96;10;10059021614;S
20240408;100457;164;10;10059021735;B
20240408;100457;164;250;10059021746;B
20240408;100457;164;500;10059021747;B
20240408;100457;164;100;10059021748;B
20240408;100457;164;150;10059021749;B
20240408;100459;163.96;10;10059022598;S
20240408;100459;164;10;10059022638;B
20240408;100500;163.97;300;10059022813;S
20240408;100500;163.96;700;10059022814;S
20240408;100500;163.99;300;10059022840;B
20240408;100501;163.99;20;10059023097;B
20240408;100501;163.97;10;10059023235;S
20240408;100501;164;100;10059023281;B
20240408;100501;164;10;10059023360;B
20240408;100502;164;100;10059023524;B
20240408;100502;163.99;140;10059023548;S
20240408;100502;164;20;10059023583;B
20240408;100502;163.99;20;10059023632;S
20240408;100503;163.99;7940;10059023658;S
20240408;100503;163.96;10;10059023835;S
20240408;100505;163.96;10;10059024422;S
20240408;100505;163.96;10;10059024498;S
20240408;100506;163.99;50;10059024574;B
20240408;100507;164;40;10059024965;B
20240408;100507;163.96;90;10059025095;S
20240408;100508;164;10;10059025181;B
20240408;100508;163.99;10;10059025262;S
20240408;100508;163.97;10;10059025263;S
20240408;100508;164;1000;10059025419;B
20240408;100508;164;720;10059025420;B
20240408;100508;164;10;10059025421;B
20240408;100509;164;120;10059025564;S
20240408;100509;164.01;40;10059025570;B
20240408;100509;164.01;50;10059025571;B
20240408;100509;164.01;10;10059025572;B
20240408;100509;164;120;10059025668;S
20240408;100510;164.02;120;10059026043;B
20240408;100511;164;30;10059026298;S
20240408;100511;163.99;100;10059026374;S
20240408;100511;163.99;1740;10059026375;S
20240408;100512;163.99;10;10059026535;S
20240408;100512;163.99;10;10059026640;S
20240408;100512;163.99;80;10059026651;S
20240408;100513;164;50;10059026827;B
20240408;100513;163.99;430;10059026993;S
20240408;100513;163.99;170;10059026994;S
20240408;100514;164;20;10059027079;B
20240408;100514;164.02;180;10059027080;B
20240408;100514;164;110;10059027340;B
20240408;100514;164;80;10059027341;B
20240408;100515;163.99;680;10059027560;S
20240408;100515;163.98;20;10059027606;S
20240408;100515;164;10;10059027630;B
20240408;100516;163.98;70;10059027732;S
20240408;100516;164;330;10059027940;B
20240408;100516;164;580;10059027946;B
20240408;100516;164;300;10059027947;B
20240408;100516;164.01;120;10059027948;B
20240408;100516;164.03;10;10059027962;B
20240408;100517;163.98;10;10059028234;S
20240408;100518;163.98;10;10059028354;S
20240408;100518;164.02;30;10059028355;B
20240408;100521;164.02;30;10059029034;B
20240408;100521;164.01;10;10059029237;S
20240408;100522;164.02;20;10059029488;B
20240408;100522;164.01;10;10059029509;S
20240408;100522;164.01;30;10059029535;S
20240408;100522;164;70;10059029536;S
20240408;100523;164;2930;10059029681;S
20240408;100523;164;180;10059029682;S
20240408;100523;164;510;10059029683;S
20240408;100524;163.99;10;10059029937;S
20240408;100524;164;10;10059030162;B
20240408;100525;164;10;10059030259;B
20240408;100525;163.99;40;10059030368;S
20240408;100525;163.99;10;10059030369;S
20240408;100525;164;10;10059030398;B
20240408;100527;164;30;10059030859;B
20240408;100527;164;10;10059030954;B
20240408;100528;164;200;10059031035;B
20240408;100529;164;40;10059031448;B
20240408;100532;164;20;10059032114;B
20240408;100533;164;10;10059032325;B
20240408;100533;164;10;10059032343;B
20240408;100533;164;130;10059032404;B
20240408;100533;164;10;10059032478;B
20240408;100533;164;120;10059032479;B
20240408;100534;163.99;10;10059032498;S
20240408;100534;164;80;10059032604;B
20240408;100534;163.99;40;10059032692;S
20240408;100536;164;10;10059033277;B
20240408;100536;164;1500;10059033282;B
20240408;100537;163.99;60;10059033713;S
20240408;100537;164;100;10059033810;B
20240408;100538;164;10;10059034007;B
20240408;100539;163.99;200;10059034678;S
20240408;100539;164;50;10059034747;B
20240408;100540;163.99;20;10059034759;S
20240408;100540;164;2500;10059034787;B
20240408;100540;164;10;10059035035;B
20240408;100541;163.99;10;10059035106;S
20240408;100541;164;20;10059035124;B
20240408;100542;164;20;10059035557;B
20240408;100542;164;7520;10059035647;B
20240408;100542;164;510;10059035648;B
20240408;100542;164;360;10059035649;B
20240408;100542;164;10;10059035650;B
20240408;100542;164;660;10059035651;B
20240408;100542;164;880;10059035652;B
20240408;100542;164;60;10059035653;B
20240408;100542;163.99;30;10059035678;S
20240408;100544;164;80;10059036072;B
20240408;100544;164;100;10059036073;B
20240408;100544;164;10;10059036074;B
20240408;100544;164.02;10;10059036078;B
20240408;100544;164.01;140;10059036096;S
20240408;100544;164.01;220;10059036208;S
20240408;100544;164.01;300;10059036209;S
20240408;100544;164.01;580;10059036210;S
20240408;100544;164.01;410;10059036211;S
20240408;100544;164.02;410;10059036259;B
20240408;100544;164.02;90;10059036260;B
20240408;100545;164.02;160;10059036315;B
20240408;100545;164.02;390;10059036316;B
20240408;100545;164.01;300;10059036380;S
20240408;100545;164;140;10059036381;S
20240408;100545;164;60;10059036382;S
20240408;100546;164;120;10059036655;S
20240408;100546;164;320;10059036796;S
20240408;100546;164;180;10059036797;S
20240408;100547;164;30;10059037066;S
20240408;100548;164;100;10059037135;S
20240408;100548;164;220;10059037193;S
20240408;100548;163.99;90;10059037246;S
20240408;100548;163.99;10;10059037471;S
20240408;100549;164;500;10059037648;S
20240408;100550;164;10;10059037847;B
20240408;100550;164;200;10059038129;B
20240408;100550;164;10;10059038164;B
20240408;100550;163.99;24520;10059038177;S
20240408;100550;163.99;1000;10059038178;S
20240408;100550;163.99;580;10059038179;S
20240408;100550;163.99;100;10059038180;S
20240408;100550;163.98;90;10059038181;S
20240408;100550;163.98;10;10059038182;S
20240408;100550;163.98;2500;10059038183;S
20240408;100550;163.98;2000;10059038184;S
20240408;100550;163.98;300;10059038185;S
20240408;100550;163.97;10;10059038186;S
20240408;100550;163.97;100;10059038187;S
20240408;100550;163.97;10;10059038188;S
20240408;100550;163.97;2550;10059038189;S
20240408;100550;163.97;500;10059038190;S
20240408;100550;163.96;3810;10059038191;S
20240408;100550;163.96;1920;10059038192;S
20240408;100550;163.99;500;10059038193;B
20240408;100552;163.99;80;10059038532;B
20240408;100552;163.99;20;10059038613;B
20240408;100552;163.99;40;10059038646;B
20240408;100552;163.99;10;10059038693;B
20240408;100553;163.97;60;10059038801;S
20240408;100553;163.97;360;10059038862;S
20240408;100553;163.96;30;10059038863;S
20240408;100553;163.96;10;10059038864;S
20240408;100553;163.96;400;10059038865;S
20240408;100557;163.98;10;10059039941;B
20240408;100557;163.98;520;10059039957;B
20240408;100557;163.98;300;10059039958;B
20240408;100557;163.99;60;10059039959;B
20240408;100558;163.96;20;10059040437;S
20240408;100559;163.99;20;10059040571;B
20240408;100559;163.99;10;10059040660;B
20240408;100559;163.99;20;10059040681;B
20240408;100600;163.98;10;10059041179;B
20240408;100600;163.98;90;10059041219;B
20240408;100600;163.99;130;10059041220;B
20240408;100601;163.99;10;10059041512;B
20240408;100602;163.99;400;10059041640;B
20240408;100602;163.99;40;10059041719;B
20240408;100603;163.96;10;10059041990;S
20240408;100604;163.95;100;10059042013;S
20240408;100604;163.95;10;10059042014;S
20240408;100604;163.95;10;10059042015;S
20240408;100604;163.95;360;10059042016;S
20240408;100606;163.99;10;10059042705;B
20240408;100606;163.96;60;10059042753;S
20240408;100606;163.95;120;10059042754;S
20240408;100606;163.99;200;10059042833;B
20240408;100607;163.95;440;10059042980;S
20240408;100608;163.98;200;10059043213;B
20240408;100608;163.99;300;10059043214;B
20240408;100608;163.99;420;10059043270;B
20240408;100608;163.99;20;10059043271;B
20240408;100608;163.99;420;10059043272;B
20240408;100608;163.99;70;10059043450;B
20240408;100609;163.94;10;10059043536;S
20240408;100611;163.94;20;10059044173;S
20240408;100611;163.98;20;10059044176;B
20240408;100611;163.94;200;10059044266;S
20240408;100612;163.94;370;10059044468;S
20240408;100612;163.94;2250;10059044680;S
20240408;100612;163.94;100;10059044681;S
20240408;100612;163.94;4650;10059044682;S
20240408;100613;163.96;10;10059044815;S
20240408;100613;163.94;680;10059044816;S
20240408;100613;163.98;70;10059044961;B
20240408;100615;163.94;40;10059045420;S
20240408;100616;163.94;10;10059045509;S
20240408;100616;163.94;1000;10059045547;S
20240408;100617;163.98;10;10059045897;B
20240408;100617;163.98;70;10059045905;B
20240408;100618;163.97;10;10059046058;B
20240408;100618;163.97;300;10059046059;B
20240408;100618;163.98;580;10059046060;B
20240408;100618;163.98;610;10059046061;B
20240408;100618;163.98;100;10059046100;B
20240408;100618;163.98;60;10059046130;B
20240408;100618;163.98;300;10059046131;B
20240408;100618;163.99;260;10059046132;B
20240408;100618;163.98;220;10059046197;B
20240408;100619;163.99;100;10059046288;B
20240408;100619;163.99;10;10059046339;B
20240408;100619;163.99;30;10059046419;B
20240408;100622;163.98;50;10059046945;S
20240408;100622;164;40;10059046999;B
20240408;100623;164;10;10059047267;B
20240408;100623;164;3080;10059047337;B
20240408;100623;164;100;10059047384;B
20240408;100624;164;140;10059047439;B
20240408;100624;163.99;10;10059047529;S
20240408;100624;163.99;90;10059047582;S
20240408;100625;163.98;650;10059047758;S
20240408;100626;163.98;10;10059047955;S
20240408;100626;163.99;300;10059048007;B
20240408;100626;164;1500;10059048008;B
20240408;100626;164;180;10059048090;B
20240408;100627;163.99;150;10059048227;B
20240408;100627;163.98;160;10059048354;S
20240408;100627;163.97;440;10059048355;S
20240408;100628;163.97;10;10059048569;S
20240408;100628;163.97;50;10059048634;S
20240408;100628;163.96;580;10059048635;S
20240408;100628;163.96;10;10059048636;S
20240408;100628;163.95;1360;10059048637;S
20240408;100629;163.99;10;10059048876;B
20240408;100631;163.98;10;10059049208;S
20240408;100631;163.96;60;10059049320;S
20240408;100631;163.95;690;10059049321;S
20240408;100631;163.99;590;10059049336;B
20240408;100631;163.99;300;10059049337;B
20240408;100631;164;110;10059049338;B
20240408;100632;163.95;120;10059049471;S
20240408;100633;163.96;10;10059049595;S
20240408;100633;163.95;10;10059049596;S
20240408;100633;163.95;20;10059049600;S
20240408;100634;163.95;130;10059049925;S
20240408;100635;163.97;200;10059050034;B
20240408;100635;163.97;20;10059050125;B
20240408;100635;163.95;10;10059050174;S
20240408;100635;163.94;50;10059050175;S
20240408;100635;163.97;80;10059050249;B
20240408;100635;163.98;2920;10059050250;B
20240408;100636;163.94;400;10059050271;S
20240408;100637;163.97;90;10059050546;B
20240408;100637;163.94;30;10059050704;S
20240408;100637;163.97;10;10059050718;B
20240408;100638;163.94;20;10059050804;S
20240408;100638;163.94;10;10059050975;S
20240408;100640;163.97;200;10059051525;B
20240408;100640;163.97;100;10059051526;B
20240408;100641;163.94;50;10059051634;S
20240408;100642;163.97;300;10059051882;B
20240408;100642;163.94;5000;10059052024;S
20240408;100643;163.94;60;10059052073;S
20240408;100643;163.95;50;10059052476;S
20240408;100647;163.95;160;10059053574;S
20240408;100647;163.95;560;10059053575;S
20240408;100647;163.94;970;10059053576;S
20240408;100647;163.96;20;10059053664;B
20240408;100648;163.98;10;10059053724;B
20240408;100648;163.95;10;10059053952;S
20240408;100648;163.94;30;10059053953;S
20240408;100648;163.94;10;10059053954;S
20240408;100648;163.94;10;10059053955;S
20240408;100648;163.94;600;10059053956;S
20240408;100648;163.94;10;10059053957;S
20240408;100648;163.94;10;10059053958;S
20240408;100648;163.93;100;10059053959;S
20240408;100648;163.93;100;10059053960;S
20240408;100648;163.93;10;10059053961;S
20240408;100648;163.92;560;10059053962;S
20240408;100648;163.92;300;10059053963;S
20240408;100648;163.91;500;10059053964;S
20240408;100648;163.9;10;10059053965;S
20240408;100648;163.9;50;10059053966;S
20240408;100648;163.9;100;10059053967;S
20240408;100648;163.9;10;10059053968;S
20240408;100648;163.9;200;10059053969;S
20240408;100648;163.9;10;10059053970;S
20240408;100648;163.9;420;10059053971;S
20240408;100648;163.9;950;10059053972;S
20240408;100648;163.9;100;10059053979;S
20240408;100650;163.97;100;10059054304;B
20240408;100650;163.98;50;10059054314;B
20240408;100651;163.99;10;10059054502;B
20240408;100652;163.99;20;10059055005;B
20240408;100656;163.98;50;10059055822;B
20240408;100657;163.98;10;10059056172;B
20240408;100658;163.98;10;10059056274;B
20240408;100658;163.98;10;10059056348;B
20240408;100658;163.98;10;10059056402;B
20240408;100659;163.96;500;10059056507;S
20240408;100659;163.98;50;10059056649;B
20240408;100700;163.96;100;10059056889;S
20240408;100702;163.98;50;10059057386;B
20240408;100703;163.97;20;10059057703;B
20240408;100704;163.97;100;10059057771;B
20240408;100705;163.96;20;10059058199;S
20240408;100706;163.97;180;10059058410;B
20240408;100706;163.98;20;10059058411;B
20240408;100706;163.97;200;10059058448;B
20240408;100709;163.96;380;10059058960;S
20240408;100709;163.96;10;10059058961;S
20240408;100709;163.96;10;10059058962;S
20240408;100709;163.95;10;10059058963;S
20240408;100709;163.95;20;10059058964;S
20240408;100709;163.95;10;10059058965;S
20240408;100709;163.94;10;10059058966;S
20240408;100709;163.94;10;10059058967;S
20240408;100709;163.93;390;10059058968;S
20240408;100709;163.96;10;10059058969;B
20240408;100709;163.91;80;10059058981;S
20240408;100709;163.91;120;10059058982;S
20240408;100711;163.89;100;10059059668;S
20240408;100711;163.89;10;10059059669;S
20240408;100711;163.88;700;10059059670;S
20240408;100711;163.88;10;10059059714;S
20240408;100712;163.96;40;10059059755;B
20240408;100712;163.96;100;10059059782;B
20240408;100712;163.96;150;10059059864;B
20240408;100712;163.88;10;10059059875;S
20240408;100712;163.88;40;10059059955;S
20240408;100714;163.91;10;10059060235;S
20240408;100714;163.88;30;10059060274;S
20240408;100714;163.88;300;10059060363;S
20240408;100714;163.87;10;10059060364;S
20240408;100714;163.87;100;10059060365;S
20240408;100714;163.87;20;10059060366;S
20240408;100714;163.87;730;10059060367;S
20240408;100714;163.87;2820;10059060368;S
20240408;100714;163.87;100;10059060403;S
20240408;100714;163.86;10;10059060529;S
20240408;100715;163.86;70;10059060797;S
20240408;100716;163.86;20;10059061024;S
20240408;100716;163.86;20;10059061025;S
20240408;100716;163.85;160;10059061026;S
20240408;100717;163.86;50;10059061101;S
20240408;100718;163.94;300;10059061283;B
20240408;100718;163.94;200;10059061284;B
20240408;100719;163.86;30;10059061472;S
20240408;100719;163.94;100;10059061473;B
20240408;100719;163.87;100;10059061524;S
20240408;100719;163.87;300;10059061525;S
20240408;100719;163.86;10;10059061526;S
20240408;100719;163.86;260;10059061527;S
20240408;100719;163.86;50;10059061569;S
20240408;100719;163.92;20;10059061635;B
20240408;100719;163.93;60;10059061637;B
20240408;100721;163.93;10;10059062089;B
20240408;100721;163.87;10;10059062164;S
20240408;100722;163.9;30;10059062238;S
20240408;100722;163.86;70;10059062239;S
20240408;100722;163.93;10;10059062462;B
20240408;100723;163.93;300;10059062625;B
20240408;100723;163.94;710;10059062626;B
20240408;100723;163.87;30;10059062674;S
20240408;100724;163.94;10;10059062764;B
20240408;100724;163.94;60;10059062813;B
20240408;100724;163.94;230;10059062910;B
20240408;100724;163.94;520;10059062911;B
20240408;100724;163.95;50;10059062912;B
20240408;100724;163.95;200;10059062913;B
20240408;100725;163.95;100;10059062960;B
20240408;100725;163.87;10;10059062979;S
20240408;100726;163.87;200;10059063208;S
20240408;100726;163.95;10;10059063232;B
20240408;100726;163.93;130;10059063371;B
20240408;100726;163.87;60;10059063385;S
20240408;100726;163.87;20;10059063386;S
20240408;100726;163.87;60;10059063387;S
20240408;100726;163.87;50;10059063388;S
20240408;100727;163.93;10;10059063496;B
20240408;100727;163.87;10;10059063578;S
20240408;100727;163.93;10;10059063625;B
20240408;100727;163.92;120;10059063666;B
20240408;100727;163.93;80;10059063667;B
20240408;100728;163.87;10;10059063764;S
20240408;100728;163.93;10;10059063924;B
20240408;100729;163.93;30;10059064028;B
20240408;100730;163.93;10;10059064243;B
20240408;100730;163.93;100;10059064302;B
20240408;100730;163.93;10;10059064384;B
20240408;100730;163.88;10;10059064415;S
20240408;100730;163.93;10;10059064428;B
20240408;100731;163.93;30;10059064635;B
20240408;100731;163.93;10;10059064645;B
20240408;100732;163.94;10;10059064678;B
20240408;100732;163.88;10;10059064680;S
20240408;100733;163.87;10;10059064979;S
20240408;100734;163.93;10;10059065235;B
20240408;100735;163.94;100;10059065491;B
20240408;100735;163.88;20;10059065495;S
20240408;100736;163.94;60;10059065570;B
20240408;100738;163.89;40;10059066423;B
20240408;100740;163.89;10;10059066898;B
20240408;100740;163.92;190;10059066899;B
20240408;100741;163.88;220;10059067067;S
20240408;100742;163.88;290;10059067137;S
20240408;100742;163.92;30;10059067171;B
20240408;100744;163.92;10;10059067685;B
20240408;100744;163.88;10;10059067827;S
20240408;100745;163.92;20;10059068068;B
20240408;100746;163.92;10;10059068148;B
20240408;100747;163.92;60;10059068398;B
20240408;100747;163.92;10;10059068405;B
20240408;100747;163.92;50;10059068471;B
20240408;100749;163.92;810;10059068828;B
20240408;100749;163.92;300;10059068829;B
20240408;100749;163.92;410;10059068830;B
20240408;100750;163.93;20;10059068955;B
20240408;100751;163.93;10;10059069228;B
20240408;100752;163.93;10;10059069391;B
20240408;100754;163.92;10;10059069934;B
20240408;100755;163.92;10;10059070140;B
20240408;100757;163.92;20;10059070471;B
20240408;100758;163.89;10;10059070739;S
20240408;100759;163.91;10;10059070993;B
20240408;100759;163.91;10;10059071173;B
20240408;100759;163.91;30;10059071184;B
20240408;100759;163.91;20;10059071185;B
20240408;100800;163.89;170;10059071226;S
20240408;100800;163.89;320;10059071252;S
20240408;100802;163.88;490;10059071854;S
20240408;100802;163.88;160;10059071855;S
20240408;100802;163.87;1000;10059071856;S
20240408;100802;163.86;500;10059071857;S
20240408;100802;163.85;2500;10059071858;S
20240408;100802;163.85;150;10059071859;S
20240408;100802;163.84;20;10059071860;S
20240408;100802;163.84;590;10059071861;S
20240408;100802;163.84;300;10059071862;S
20240408;100802;163.83;1340;10059071863;S
20240408;100803;163.84;10;10059072002;S
20240408;100803;163.84;330;10059072027;S
20240408;100803;163.83;1000;10059072028;S
20240408;100803;163.82;30;10059072029;S
20240408;100803;163.81;10;10059072030;S
20240408;100803;163.81;880;10059072031;S
20240408;100803;163.81;490;10059072032;S
20240408;100803;163.81;2500;10059072033;S
20240408;100803;163.81;8000;10059072034;S
20240408;100803;163.8;200;10059072035;S
20240408;100803;163.8;40;10059072036;S
20240408;100803;163.8;20;10059072037;S
20240408;100803;163.8;10;10059072038;S
20240408;100803;163.8;1000;10059072039;S
20240408;100803;163.8;50;10059072040;S
20240408;100803;163.8;200;10059072041;S
20240408;100803;163.8;10;10059072042;S
20240408;100803;163.8;330;10059072043;S
20240408;100803;163.79;100;10059072083;S
20240408;100803;163.85;300;10059072202;B
20240408;100803;163.86;500;10059072203;B
20240408;100803;163.86;400;10059072204;B
20240408;100804;163.86;20;10059072279;B
20240408;100805;163.79;30;10059072564;S
20240408;100805;163.79;240;10059072721;S
20240408;100805;163.79;160;10059072722;S
20240408;100805;163.78;1290;10059072723;S
20240408;100806;163.78;10;10059072814;S
20240408;100807;163.86;10;10059072982;B
20240408;100807;163.86;20;10059073009;B
20240408;100807;163.86;10;10059073019;B
20240408;100807;163.84;30;10059073110;B
20240408;100809;163.79;10;10059073457;S
20240408;100809;163.84;10;10059073486;B
20240408;100809;163.84;260;10059073610;B
20240408;100809;163.84;240;10059073611;B
20240408;100810;163.79;20;10059073816;S
20240408;100811;163.84;30;10059073849;B
20240408;100812;163.79;20;10059074050;S
20240408;100812;163.79;20;10059074188;S
20240408;100812;163.79;30;10059074189;S
20240408;100812;163.79;10;10059074190;S
20240408;100812;163.79;30;10059074191;S
20240408;100812;163.78;50;10059074192;S
20240408;100812;163.82;300;10059074242;B
20240408;100812;163.83;10;10059074243;B
20240408;100812;163.83;490;10059074244;B
20240408;100812;163.84;1200;10059074245;B
20240408;100815;163.84;10;10059074707;B
20240408;100816;163.84;10;10059075083;B
20240408;100816;163.85;1000;10059075084;B
20240408;100816;163.86;10;10059075085;B
20240408;100816;163.86;1000;10059075086;B
20240408;100816;163.86;1610;10059075087;B
20240408;100816;163.86;490;10059075088;B
20240408;100816;163.87;1000;10059075089;B
20240408;100816;163.87;3680;10059075090;B
20240408;100816;163.88;10;10059075091;B
20240408;100816;163.88;1000;10059075092;B
20240408;100816;163.88;190;10059075093;B
20240408;100816;163.81;400;10059075100;S
20240408;100817;163.81;10;10059075216;S
20240408;100817;163.8;30;10059075261;S
20240408;100817;163.85;10;10059075322;B
20240408;100819;163.86;20;10059075551;B
20240408;100821;163.84;10;10059076111;B
20240408;100822;163.84;20;10059076325;B
20240408;100822;163.84;10;10059076326;B
20240408;100822;163.85;20;10059076327;B
20240408;100822;163.85;10;10059076349;B
20240408;100822;163.85;10;10059076368;B
20240408;100823;163.85;10;10059076673;B
20240408;100823;163.85;10;10059076704;B
20240408;100824;163.82;20;10059076718;S
20240408;100824;163.86;10;10059076895;B
20240408;100824;163.86;10;10059076896;B
20240408;100825;163.86;100;10059076979;B
20240408;100825;163.86;50;10059077139;B
20240408;100826;163.86;50;10059077258;B
20240408;100826;163.81;300;10059077346;S
20240408;100826;163.8;480;10059077347;S
20240408;100826;163.8;230;10059077348;S
20240408;100828;163.85;10;10059077774;B
20240408;100828;163.85;10;10059077788;B
20240408;100829;163.81;10;10059077872;S
20240408;100829;163.85;40;10059078018;B
20240408;100829;163.85;10;10059078019;B
20240408;100831;163.81;50;10059078276;S
20240408;100832;163.85;10;10059078462;B
20240408;100832;163.86;10;10059078464;B
20240408;100832;163.86;30;10059078517;B
20240408;100833;163.86;1430;10059078584;B
20240408;100834;163.85;20;10059078777;S
20240408;100834;163.83;470;10059078778;S
20240408;100834;163.82;120;10059078779;S
20240408;100834;163.86;30;10059078946;B
20240408;100838;163.86;10;10059079674;B
20240408;100838;163.86;10;10059079678;B
20240408;100838;163.84;20;10059079756;S
20240408;100841;163.86;50;10059080477;B
20240408;100844;163.86;1440;10059081062;B
20240408;100844;163.86;1000;10059081063;B
20240408;100844;163.86;100;10059081064;B
20240408;100845;163.89;10;10059081150;B
20240408;100845;163.88;200;10059081155;S
20240408;100845;163.89;10;10059081169;B
20240408;100846;163.88;10;10059081441;S
20240408;100847;163.89;10;10059081459;B
20240408;100848;163.89;20;10059081768;B
20240408;100849;163.88;90;10059081918;S
20240408;100849;163.88;10;10059081919;S
20240408;100850;163.89;30;10059082150;B
20240408;100851;163.89;10;10059082299;B
20240408;100854;163.89;50;10059082889;B
20240408;100854;163.88;10;10059082945;S
20240408;100854;163.88;20;10059082989;S
20240408;100855;163.89;40;10059083094;B
20240408;100855;163.92;60;10059083095;B
20240408;100855;163.89;90;10059083114;S
20240408;100856;163.93;60;10059083324;B
20240408;100856;163.93;500;10059083342;B
20240408;100857;163.89;210;10059083510;S
20240408;100857;163.88;140;10059083511;S
20240408;100859;163.94;20;10059083866;B
20240408;100900;163.94;350;10059084019;B
20240408;100901;163.94;10;10059084205;B
20240408;100901;163.94;10;10059084221;B
20240408;100901;163.94;100;10059084230;B
20240408;100901;163.9;330;10059084350;S
20240408;100902;163.9;40;10059084431;S
20240408;100902;163.94;10;10059084472;B
20240408;100902;163.9;10;10059084591;S
20240408;100905;163.9;1000;10059085030;S
20240408;100905;163.9;10;10059085060;S
20240408;100906;163.9;80;10059085304;S
20240408;100907;163.9;10;10059085446;S
20240408;100907;163.94;10;10059085492;B
20240408;100907;163.94;50;10059085501;B
20240408;100908;163.9;10;10059085663;S
20240408;100909;163.9;10;10059085782;S
20240408;100909;163.92;10;10059085833;B
20240408;100910;163.92;30;10059085846;B
20240408;100910;163.9;1000;10059085856;S
20240408;100910;163.92;50;10059085997;B
20240408;100910;163.9;500;10059086013;S
20240408;100910;163.9;150;10059086015;S
20240408;100911;163.92;10;10059086143;B
20240408;100911;163.9;50;10059086158;S
20240408;100911;163.9;40;10059086239;S
20240408;100912;163.92;10;10059086503;B
20240408;100913;163.9;220;10059086564;S
20240408;100913;163.92;90;10059086598;B
20240408;100913;163.92;210;10059086599;B
20240408;100913;163.9;800;10059086645;S
20240408;100914;163.89;150;10059086841;S
20240408;100915;163.9;80;10059086917;B
20240408;100915;163.9;30;10059086968;B
20240408;100915;163.89;40;10059087019;S
20240408;100916;163.9;330;10059087203;B
20240408;100916;163.89;120;10059087287;S
20240408;100917;163.89;60;10059087423;S
20240408;100917;163.89;10;10059087424;S
20240408;100917;163.89;590;10059087425;S
20240408;100917;163.89;340;10059087426;S
20240408;100917;163.9;20;10059087493;B
20240408;100918;163.9;10;10059087541;B
20240408;100918;163.89;10;10059087589;S
20240408;100918;163.89;500;10059087601;S
20240408;100919;163.9;20;10059087837;B
20240408;100919;163.89;600;10059087940;S
20240408;100919;163.89;1310;10059087984;S
20240408;100920;163.89;320;10059088111;S
20240408;100920;163.88;450;10059088112;S
20240408;100920;163.87;130;10059088113;S
20240408;100921;163.89;10;10059088290;B
20240408;100922;163.89;50;10059088456;B
20240408;100922;163.9;10;10059088497;B
20240408;100922;163.9;30;10059088541;B
20240408;100923;163.9;10;10059088801;B
20240408;100924;163.9;10;10059088870;B
20240408;100925;163.88;10;10059089049;S
20240408;100925;163.89;10;10059089075;B
20240408;100925;163.89;10;10059089097;B
20240408;100927;163.89;10;10059089445;B
20240408;100927;163.89;100;10059089521;B
20240408;100928;163.89;40;10059089539;B
20240408;100929;163.87;120;10059089674;S
20240408;100929;163.89;940;10059089707;B
20240408;100929;163.89;350;10059089708;B
20240408;100929;163.89;210;10059089748;S
20240408;100929;163.88;590;10059089749;S
20240408;100929;163.87;2000;10059089750;S
20240408;100929;163.89;100;10059089756;B
20240408;100929;163.89;10;10059089760;B
20240408;100930;163.89;10;10059090090;B
20240408;100932;163.89;60;10059090329;B
20240408;100933;163.87;1490;10059090539;S
20240408;100934;163.89;300;10059090769;B
20240408;100934;163.89;100;10059090774;B
20240408;100935;163.89;90;10059090982;B
20240408;100936;163.87;20;10059091176;S
20240408;100936;163.89;500;10059091188;B
20240408;100936;163.89;10;10059091215;B
20240408;100936;163.9;30;10059091227;B
20240408;100936;163.87;60;10059091234;S
20240408;100937;163.9;10;10059091496;B
20240408;100938;163.89;100;10059091667;S
20240408;100938;163.89;1530;10059091712;S
20240408;100938;163.88;600;10059091713;S
20240408;100938;163.87;6280;10059091714;S
20240408;100938;163.87;300;10059091715;S
20240408;100938;163.86;7290;10059091716;S
20240408;100938;163.87;300;10059091831;B
20240408;100938;163.88;150;10059091832;B
20240408;100939;163.88;10;10059091887;B
20240408;100939;163.88;10;10059091891;B
20240408;100941;163.88;590;10059092283;B
20240408;100941;163.88;60;10059092284;B
20240408;100941;163.88;970;10059092380;B
20240408;100942;163.86;10;10059092508;S
20240408;100942;163.88;40;10059092570;B
20240408;100943;163.88;400;10059092614;B
20240408;100943;163.87;50;10059092645;S
20240408;100943;163.88;10;10059092689;B
20240408;100943;163.88;1110;10059092691;S
20240408;100943;163.88;1110;10059092693;S
20240408;100943;163.88;1110;10059092694;S
20240408;100944;163.88;10;10059092870;B
20240408;100944;163.88;1110;10059092872;S
20240408;100944;163.88;1030;10059092912;S
20240408;100945;163.89;10;10059093175;B
20240408;100946;163.87;10;10059093278;S
20240408;100946;163.87;80;10059093344;S
20240408;100948;163.9;30;10059093714;B
20240408;100948;163.9;30;10059093747;B
20240408;100948;163.87;120;10059093764;S
20240408;100950;163.87;90;10059094066;S
20240408;100950;163.9;170;10059094085;B
20240408;100950;163.9;690;10059094086;B
20240408;100950;163.9;10;10059094087;B
20240408;100950;163.9;90;10059094088;B
20240408;100950;163.9;40;10059094089;B
20240408;100950;163.9;1000;10059094090;B
20240408;100952;163.87;20;10059094462;S
20240408;100953;163.87;1230;10059094589;S
20240408;100953;163.87;110;10059094648;S
20240408;100953;163.86;160;10059094649;S
20240408;100953;163.86;10;10059094650;S
20240408;100953;163.85;240;10059094651;S
20240408;100953;163.85;610;10059094652;S
20240408;100953;163.84;430;10059094653;S
20240408;100953;163.84;500;10059094654;S
20240408;100953;163.84;1020;10059094655;S
20240408;100953;163.83;60;10059094656;S
20240408;100953;163.83;2140;10059094657;S
20240408;100954;163.87;20;10059094944;B
20240408;100955;163.82;300;10059095091;S
20240408;100955;163.82;210;10059095092;S
20240408;100955;163.81;40;10059095093;S
20240408;100955;163.81;1360;10059095094;S
20240408;100955;163.81;20;10059095095;S
20240408;100955;163.81;3070;10059095096;S
20240408;100955;163.84;700;10059095246;B
20240408;100957;163.86;10;10059095609;B
20240408;100959;163.85;10;10059095819;B
20240408;101000;163.81;10;10059096023;S
20240408;101000;163.81;50;10059096041;S
20240408;101001;163.85;10;10059096280;B
20240408;101002;163.85;290;10059096499;B
20240408;101004;163.86;20;10059096809;B
20240408;101004;163.86;20;10059096816;B
20240408;101004;163.86;20;10059096819;B
20240408;101004;163.86;50;10059096864;B
20240408;101004;163.86;10;10059096905;B
20240408;101004;163.86;170;10059096914;B
20240408;101004;163.86;210;10059096916;B
20240408;101004;163.83;10;10059096925;S
20240408;101005;163.87;10;10059097145;B
20240408;101006;163.87;200;10059097243;B
20240408;101006;163.83;10;10059097306;S
20240408;101009;163.85;10;10059097883;S
20240408;101009;163.85;250;10059097978;S
20240408;101009;163.84;60;10059097979;S
20240408;101009;163.83;190;10059097980;S
20240408;101009;163.87;10;10059098037;B
20240408;101010;163.87;40;10059098089;B
20240408;101010;163.87;10;10059098364;B
20240408;101011;163.87;30;10059098391;B
20240408;101011;163.83;10;10059098392;S
20240408;101011;163.87;100;10059098517;B
20240408;101013;163.83;340;10059098767;S
20240408;101014;163.87;40;10059098967;B
20240408;101014;163.83;30;10059099036;S
20240408;101016;163.87;90;10059099357;B
