<DATE>;<TIME>;<LAST>;<VOL>;<ID>;<OPER>
20240129;095955;164.000000000;30;9473211311;S
20240129;095955;164.000000000;20;9473211312;B
20240129;095955;164.000000000;50;9473211313;B
20240129;095955;164.000000000;10;9473211314;S
20240129;095955;164.000000000;10;9473211315;B
20240129;095955;164.000000000;20;9473211316;B
20240129;095955;164.000000000;60;9473211317;B
20240129;095955;164.000000000;10;9473211318;B
20240129;095955;164.000000000;10;9473211319;B
20240129;095955;164.000000000;40;9473211320;B
20240129;095955;164.000000000;60;9473211321;B
20240129;095955;164.000000000;10;9473211322;B
20240129;095955;164.000000000;10;9473211323;B
20240129;095955;164.000000000;10;9473211324;B
20240129;095955;164.000000000;10;9473211325;S
20240129;095955;164.000000000;10;9473211326;S
20240129;095955;164.000000000;20;9473211327;B
20240129;095955;164.000000000;10;9473211328;B
20240129;095955;164.000000000;20;9473211329;B
20240129;095955;164.000000000;120;9473211330;B
20240129;095955;164.000000000;10;9473211331;B
20240129;095955;164.000000000;20;9473211332;B
20240129;095955;164.000000000;120;9473211333;B
20240129;095955;164.000000000;200;9473211334;B
20240129;095955;164.000000000;700;9473211335;B
20240129;095955;164.000000000;30;9473211336;S
20240129;095955;164.000000000;750;9473211337;S
20240129;095955;164.000000000;10;9473211338;S
20240129;095955;164.000000000;10;9473211339;S
20240129;095955;164.000000000;20;9473211340;S
20240129;095955;164.000000000;100;9473211341;S
20240129;095955;164.000000000;600;9473211342;S
20240129;095955;164.000000000;140;9473211343;S
20240129;095955;164.000000000;140;9473211344;S
20240129;095955;164.000000000;30;9473211345;S
20240129;095955;164.000000000;20;9473211346;S
20240129;095955;164.000000000;50;9473211347;S
20240129;095955;164.000000000;200;9473211348;S
20240129;095955;164.000000000;150;9473211349;B
20240129;095955;164.000000000;10;9473211350;B
20240129;095955;164.000000000;10;9473211351;S
20240129;095955;164.000000000;10;9473211352;B
20240129;095955;164.000000000;10;9473211353;S
20240129;095955;164.000000000;10;9473211354;S
20240129;095955;164.000000000;280;9473211355;S
20240129;095955;164.000000000;100;9473211356;B
20240129;095955;164.000000000;60;9473211357;B
20240129;095955;164.000000000;10;9473211358;B
20240129;095955;164.000000000;10;9473211359;B
20240129;095955;164.000000000;100;9473211360;B
20240129;095955;164.000000000;60;9473211361;B
20240129;095955;164.000000000;490;9473211362;B
20240129;095955;164.000000000;550;9473211363;B
20240129;095955;164.000000000;840;9473211364;B
20240129;095955;164.000000000;10;9473211365;B
20240129;095955;164.000000000;10;9473211366;B
20240129;095955;164.000000000;500;9473211367;B
20240129;095955;164.000000000;20;9473211368;B
20240129;095955;164.000000000;20;9473211369;B
20240129;095955;164.000000000;10;9473211370;B
20240129;095955;164.000000000;10;9473211371;B
20240129;095955;164.000000000;100;9473211372;B
20240129;095955;164.000000000;10;9473211373;B
20240129;095955;164.000000000;10;9473211374;B
20240129;095955;164.000000000;30;9473211375;B
20240129;095955;164.000000000;50;9473211376;B
20240129;095955;164.000000000;10;9473211377;B
20240129;095955;164.000000000;10;9473211378;B
20240129;095955;164.000000000;20;9473211379;B
20240129;095955;164.000000000;20;9473211380;B
20240129;095955;164.000000000;10;9473211381;B
20240129;095955;164.000000000;10;9473211382;B
20240129;095955;164.000000000;3000;9473211383;B
20240129;095955;164.000000000;10;9473211384;B
20240129;095955;164.000000000;40;9473211385;S
20240129;095955;164.000000000;10;9473211386;S
20240129;095955;164.000000000;10;9473211387;S
20240129;095955;164.000000000;10;9473211388;S
20240129;095955;164.000000000;10;9473211389;S
20240129;095955;164.000000000;130;9473211390;S
20240129;095955;164.000000000;90;9473211391;S
20240129;095955;164.000000000;10;9473211392;S
20240129;095955;164.000000000;10;9473211393;S
20240129;095955;164.000000000;10;9473211394;S
20240129;095955;164.000000000;10;9473211395;S
20240129;095955;164.000000000;10;9473211396;S
20240129;095955;164.000000000;10;9473211397;S
20240129;095955;164.000000000;20;9473211398;S
20240129;095955;164.000000000;10;9473211399;S
20240129;095955;164.000000000;30;9473211400;S
20240129;095955;164.000000000;10;9473211401;S
20240129;095955;164.000000000;70;9473211402;S
20240129;095955;164.000000000;10;9473211403;S
20240129;095955;164.000000000;10;9473211404;S
20240129;095955;164.000000000;10;9473211405;S
20240129;095955;164.000000000;50;9473211406;S
20240129;095955;164.000000000;60;9473211407;S
20240129;095955;164.000000000;30;9473211408;S
20240129;095955;164.000000000;10;9473211409;B
20240129;095955;164.000000000;100;9473211410;B
20240129;095955;164.000000000;60;9473211411;S
20240129;095955;164.000000000;10;9473211412;B
20240129;095955;164.000000000;10;9473211413;S
20240129;095955;164.000000000;20;9473211414;S
20240129;095955;164.000000000;500;9473211415;B
20240129;095955;164.000000000;120;9473211416;S
20240129;095955;164.000000000;10;9473211417;S
20240129;095955;164.000000000;10;9473211418;S
20240129;095955;164.000000000;3000;9473211419;B
20240129;095955;164.000000000;10;9473211420;B
20240129;095955;164.000000000;50;9473211421;B
20240129;095955;164.000000000;10;9473211422;B
20240129;095955;164.000000000;90;9473211423;B
20240129;095955;164.000000000;250;9473211424;B
20240129;095955;164.000000000;60;9473211425;B
20240129;095955;164.000000000;60;9473211426;S
20240129;095955;164.000000000;130;9473211427;B
20240129;095955;164.000000000;10;9473211428;B
20240129;095955;164.000000000;7000;9473211429;B
20240129;095955;164.000000000;10;9473211430;B
20240129;095955;164.000000000;2000;9473211431;B
20240129;095955;164.000000000;750;9473211432;S
20240129;095955;164.000000000;10;9473211433;S
20240129;095955;164.000000000;10;9473211434;S
20240129;095955;164.000000000;20;9473211435;S
20240129;095955;164.000000000;10;9473211436;S
20240129;095955;164.000000000;300;9473211437;S
20240129;095955;164.000000000;80;9473211438;S
20240129;095955;164.000000000;80;9473211439;S
20240129;095955;164.000000000;40;9473211440;S
20240129;095955;164.000000000;50;9473211441;S
20240129;095955;164.000000000;10;9473211442;B
20240129;095955;164.000000000;10;9473211443;B
20240129;095955;164.000000000;10;9473211444;B
20240129;095955;164.000000000;10;9473211445;B
20240129;095955;164.000000000;10;9473211446;B
20240129;095955;164.000000000;10;9473211447;B
20240129;095955;164.000000000;10;9473211448;B
20240129;095955;164.000000000;10;9473211449;B
20240129;095955;164.000000000;10;9473211450;B
20240129;095955;164.000000000;10;9473211451;B
20240129;095955;164.000000000;10;9473211452;B
20240129;095955;164.000000000;10;9473211453;B
20240129;095955;164.000000000;10;9473211454;B
20240129;095955;164.000000000;20;9473211455;B
20240129;095955;164.000000000;10;9473211456;B
20240129;095955;164.000000000;10;9473211457;B
20240129;095955;164.000000000;280;9473211458;B
20240129;095955;164.000000000;10;9473211459;B
20240129;095955;164.000000000;300;9473211460;B
20240129;095955;164.000000000;10;9473211461;B
20240129;095955;164.000000000;10;9473211462;B
20240129;095955;164.000000000;190;9473211463;B
20240129;095955;164.000000000;20;9473211464;B
20240129;095955;164.000000000;60;9473211465;B
20240129;095955;164.000000000;30;9473211466;B
20240129;095955;164.000000000;10;9473211467;B
20240129;095955;164.000000000;50;9473211468;B
20240129;095955;164.000000000;10;9473211469;B
20240129;095955;164.000000000;20;9473211470;B
20240129;095955;164.000000000;10;9473211471;B
20240129;095955;164.000000000;10;9473211472;B
20240129;095955;164.000000000;20;9473211473;B
20240129;095955;164.000000000;30;9473211474;B
20240129;095955;164.000000000;150;9473211475;B
20240129;095955;164.000000000;20;9473211476;B
20240129;095955;164.000000000;20;9473211477;B
20240129;095955;164.000000000;10;9473211478;B
20240129;095955;164.000000000;30;9473211479;B
20240129;095955;164.000000000;20;9473211480;B
20240129;095955;164.000000000;10;9473211481;B
20240129;095955;164.000000000;10;9473211482;B
20240129;095955;164.000000000;10;9473211483;B
20240129;095955;164.000000000;70;9473211484;B
20240129;095955;164.000000000;10;9473211485;B
20240129;095955;164.000000000;30;9473211486;B
20240129;095955;164.000000000;1120;9473211487;B
20240129;095955;164.000000000;50;9473211488;B
20240129;095955;164.000000000;10;9473211489;B
20240129;095955;164.000000000;10;9473211490;B
20240129;095955;164.000000000;10;9473211491;B
20240129;095955;164.000000000;10;9473211492;S
20240129;095955;164.000000000;400;9473211493;S
20240129;095955;164.000000000;10;9473211494;S
20240129;095955;164.000000000;500;9473211495;B
20240129;095955;164.000000000;60;9473211496;B
20240129;095955;164.000000000;110;9473211497;B
20240129;095955;164.000000000;90;9473211498;B
20240129;095955;164.000000000;550;9473211499;S
20240129;095955;164.000000000;3360;9473211500;S
20240129;095955;164.000000000;50;9473211501;S
20240129;095955;164.000000000;10;9473211502;S
20240129;095955;164.000000000;610;9473211503;B
20240129;095955;164.000000000;10;9473211504;B
20240129;095955;164.000000000;300;9473211505;B
20240129;095955;164.000000000;660;9473211506;B
20240129;095955;164.000000000;180;9473211507;S
20240129;100000;164.060000000;970;9473213930;B
20240129;100000;164.060000000;30;9473213931;B
20240129;100000;164.060000000;30;9473213933;B
20240129;100000;164.060000000;20;9473213934;B
20240129;100000;164.090000000;50;9473214394;B
20240129;100000;164.080000000;380;9473214467;S
20240129;100000;164.070000000;280;9473214585;S
20240129;100001;164.080000000;1200;9473215462;S
20240129;100001;164.110000000;10;9473215732;S
20240129;100002;164.110000000;20;9473216734;S
20240129;100003;164.120000000;10;9473217289;B
20240129;100003;164.140000000;30;9473217291;B
20240129;100003;164.150000000;10;9473217295;B
20240129;100003;164.150000000;10;9473217297;B
20240129;100003;164.150000000;10;9473217300;B
20240129;100003;164.150000000;10;9473217302;B
20240129;100003;164.150000000;10;9473217304;B
20240129;100003;164.150000000;10;9473217305;B
20240129;100003;164.150000000;10;9473217308;B
20240129;100003;164.150000000;10;9473217312;B
20240129;100003;164.140000000;10;9473217493;S
20240129;100003;164.140000000;10;9473217496;S
20240129;100003;164.150000000;30;9473217499;B
20240129;100003;164.140000000;10;9473217515;S
20240129;100003;164.150000000;10;9473217518;B
20240129;100003;164.150000000;10;9473217521;B
20240129;100003;164.150000000;10;9473217523;B
20240129;100003;164.150000000;10;9473217525;B
20240129;100003;164.150000000;50;9473217527;B
20240129;100003;164.150000000;10;9473217548;B
20240129;100003;164.150000000;10;9473217552;B
20240129;100003;164.130000000;10;9473217558;S
20240129;100003;164.130000000;70;9473217560;S
20240129;100003;164.130000000;10;9473217561;S
20240129;100003;164.130000000;50;9473217563;S
20240129;100003;164.150000000;10;9473217570;B
20240129;100003;164.150000000;10;9473217573;B
20240129;100003;164.130000000;10;9473217574;S
20240129;100003;164.130000000;10;9473217576;S
20240129;100003;164.150000000;20;9473217579;B
20240129;100003;164.150000000;10;9473217581;B
20240129;100003;164.150000000;60;9473217591;B
20240129;100003;164.130000000;10;9473217593;S
20240129;100003;164.150000000;10;9473217595;B
20240129;100003;164.150000000;20;9473217599;B
20240129;100003;164.150000000;130;9473217601;B
20240129;100003;164.170000000;30;9473217602;B
20240129;100003;164.160000000;200;9473217612;S
20240129;100003;164.170000000;20;9473217617;B
20240129;100003;164.160000000;70;9473217679;S
20240129;100003;164.110000000;70;9473217680;S
20240129;100004;164.150000000;30;9473218599;S
20240129;100004;164.160000000;100;9473218943;S
20240129;100004;164.170000000;10;9473218949;B
20240129;100004;164.170000000;20;9473218952;B
20240129;100004;164.170000000;10;9473218962;B
20240129;100004;164.160000000;10;9473218971;S
20240129;100004;164.170000000;10;9473218983;B
20240129;100004;164.170000000;20;9473218995;B
20240129;100004;164.170000000;10;9473218999;B
20240129;100004;164.170000000;10;9473219006;B
20240129;100004;164.190000000;10;9473219017;B
20240129;100004;164.190000000;10;9473219031;B
20240129;100004;164.190000000;10;9473219037;B
20240129;100004;164.190000000;10;9473219050;B
20240129;100004;164.190000000;10;9473219055;B
20240129;100004;164.190000000;10;9473219110;B
20240129;100004;164.160000000;40;9473219114;S
20240129;100004;164.190000000;10;9473219123;B
20240129;100004;164.160000000;10;9473219155;S
20240129;100004;164.160000000;10;9473219160;S
20240129;100004;164.190000000;10;9473219201;B
20240129;100004;164.160000000;10;9473219203;S
20240129;100004;164.190000000;10;9473219204;B
20240129;100004;164.190000000;10;9473219207;B
20240129;100004;164.160000000;10;9473219211;S
20240129;100004;164.190000000;10;9473219215;B
20240129;100004;164.160000000;40;9473219216;S
20240129;100004;164.190000000;30;9473219224;B
20240129;100004;164.160000000;10;9473219228;S
20240129;100004;164.160000000;10;9473219234;S
20240129;100004;164.160000000;10;9473219235;S
20240129;100004;164.190000000;10;9473219236;B
20240129;100004;164.190000000;10;9473219238;B
20240129;100004;164.190000000;10;9473219241;B
20240129;100004;164.190000000;10;9473219245;B
20240129;100004;164.160000000;10;9473219246;S
20240129;100004;164.190000000;10;9473219250;B
20240129;100004;164.190000000;10;9473219256;B
20240129;100004;164.190000000;10;9473219263;B
20240129;100004;164.190000000;10;9473219270;B
20240129;100004;164.190000000;10;9473219277;B
20240129;100004;164.190000000;60;9473219281;B
20240129;100004;164.190000000;10;9473219286;B
20240129;100004;164.160000000;20;9473219289;S
20240129;100004;164.160000000;10;9473219295;S
20240129;100004;164.190000000;10;9473219304;B
20240129;100004;164.190000000;10;9473219310;B
20240129;100004;164.190000000;10;9473219317;B
20240129;100004;164.190000000;10;9473219324;B
20240129;100004;164.190000000;10;9473219326;B
20240129;100004;164.160000000;50;9473219327;S
20240129;100004;164.160000000;20;9473219335;S
20240129;100004;164.190000000;10;9473219847;B
20240129;100004;164.160000000;20;9473219858;S
20240129;100004;164.160000000;30;9473219860;S
20240129;100004;164.190000000;10;9473219873;B
20240129;100004;164.190000000;10;9473219877;B
20240129;100004;164.190000000;10;9473219890;B
20240129;100004;164.190000000;20;9473219899;B
20240129;100004;164.160000000;10;9473219902;S
20240129;100004;164.190000000;10;9473219935;B
20240129;100004;164.190000000;40;9473219944;B
20240129;100004;164.190000000;10;9473219952;B
20240129;100004;164.190000000;10;9473219970;B
20240129;100004;164.190000000;10;9473219987;B
20240129;100004;164.160000000;10;9473220005;S
20240129;100004;164.190000000;10;9473220011;B
20240129;100004;164.160000000;10;9473220014;S
20240129;100005;164.190000000;40;9473220303;B
20240129;100005;164.190000000;10;9473220312;B
20240129;100005;164.190000000;10;9473220316;B
20240129;100005;164.190000000;20;9473220324;B
20240129;100005;164.190000000;10;9473220327;B
20240129;100005;164.160000000;160;9473220344;S
20240129;100005;164.160000000;10;9473220355;S
20240129;100005;164.160000000;10;9473220359;S
20240129;100005;164.190000000;10;9473220365;B
20240129;100005;164.160000000;10;9473220370;S
20240129;100005;164.190000000;10;9473220393;B
20240129;100005;164.190000000;10;9473220399;B
20240129;100005;164.190000000;10;9473220414;B
20240129;100005;164.190000000;10;9473220441;B
20240129;100005;164.160000000;10;9473220443;S
20240129;100005;164.160000000;10;9473220444;S
20240129;100005;164.190000000;20;9473220481;B
20240129;100005;164.190000000;10;9473220570;B
20240129;100005;164.190000000;10;9473220574;B
20240129;100005;164.190000000;10;9473220579;B
20240129;100005;164.190000000;10;9473220586;B
20240129;100005;164.190000000;20;9473220590;B
20240129;100005;164.190000000;10;9473220600;B
20240129;100005;164.190000000;300;9473220602;B
20240129;100005;164.200000000;10;9473220603;B
20240129;100005;164.200000000;60;9473220604;B
20240129;100005;164.200000000;30;9473220605;B
20240129;100005;164.200000000;200;9473220606;B
20240129;100005;164.200000000;20;9473220610;B
20240129;100005;164.200000000;10;9473220612;B
20240129;100005;164.200000000;10;9473220626;B
20240129;100005;164.200000000;10;9473220630;B
20240129;100005;164.200000000;10;9473220642;B
20240129;100005;164.160000000;30;9473220646;S
20240129;100005;164.200000000;10;9473220650;B
20240129;100005;164.200000000;10;9473220675;B
20240129;100005;164.200000000;10;9473220682;B
20240129;100005;164.200000000;10;9473220686;B
20240129;100005;164.200000000;10;9473220694;B
20240129;100005;164.200000000;10;9473221493;B
20240129;100005;164.190000000;10;9473221498;B
20240129;100005;164.200000000;10;9473221500;B
20240129;100005;164.170000000;10;9473221504;S
20240129;100005;164.090000000;10;9473221514;S
20240129;100005;164.190000000;10;9473221516;B
20240129;100005;164.110000000;10;9473221520;S
20240129;100005;164.190000000;10;9473221526;B
20240129;100005;164.190000000;10;9473221528;B
20240129;100005;164.150000000;170;9473221533;S
20240129;100005;164.160000000;10;9473221538;S
20240129;100005;164.190000000;10;9473221548;B
20240129;100005;164.170000000;140;9473221552;S
20240129;100005;164.190000000;10;9473221559;B
20240129;100005;164.190000000;10;9473221569;B
20240129;100005;164.200000000;500;9473221588;B
20240129;100005;164.190000000;10;9473221595;B
20240129;100005;164.170000000;10;9473221597;S
20240129;100005;164.190000000;10;9473221760;B
20240129;100005;164.190000000;10;9473221955;B
20240129;100005;164.190000000;10;9473221969;B
20240129;100005;164.190000000;30;9473221970;B
20240129;100005;164.190000000;10;9473221973;B
20240129;100005;164.190000000;10;9473221976;B
20240129;100005;164.170000000;10;9473221977;S
20240129;100005;164.190000000;10;9473221980;B
20240129;100005;164.170000000;10;9473221981;S
20240129;100005;164.180000000;10;9473221996;S
20240129;100005;164.190000000;10;9473221997;B
20240129;100005;164.190000000;10;9473222000;B
20240129;100005;164.180000000;1040;9473222001;S
20240129;100005;164.190000000;10;9473222009;B
20240129;100005;164.190000000;10;9473222013;B
20240129;100005;164.200000000;200;9473222020;B
20240129;100005;164.190000000;160;9473222584;B
20240129;100005;164.200000000;350;9473222585;B
20240129;100005;164.200000000;70;9473222600;B
20240129;100005;164.200000000;10;9473222601;B
20240129;100005;164.170000000;10;9473222602;S
20240129;100005;164.200000000;10;9473222779;B
20240129;100005;164.200000000;10;9473222781;B
20240129;100005;164.200000000;10;9473222783;B
20240129;100005;164.200000000;10;9473222784;B
20240129;100005;164.200000000;10;9473222785;B
20240129;100005;164.200000000;10;9473222786;B
20240129;100005;164.170000000;10;9473222787;S
20240129;100005;164.170000000;20;9473222789;S
20240129;100005;164.200000000;10;9473222791;B
20240129;100005;164.200000000;10;9473222794;B
20240129;100005;164.180000000;10;9473222795;S
20240129;100005;164.200000000;10;9473222796;B
20240129;100005;164.200000000;30;9473222800;B
20240129;100005;164.200000000;10;9473222801;B
20240129;100005;164.200000000;10;9473222802;B
20240129;100005;164.200000000;10;9473222803;B
20240129;100005;164.200000000;10;9473222804;B
20240129;100005;164.180000000;30;9473222805;S
20240129;100005;164.200000000;10;9473222863;B
20240129;100005;164.170000000;10;9473222887;S
20240129;100005;164.200000000;20;9473222889;B
20240129;100005;164.200000000;10;9473222902;B
20240129;100005;164.180000000;140;9473223247;S
20240129;100005;164.200000000;10;9473223480;B
20240129;100005;164.200000000;10;9473223482;B
20240129;100005;164.170000000;10;9473223484;S
20240129;100005;164.200000000;10;9473223485;B
20240129;100005;164.200000000;20;9473223486;B
20240129;100005;164.170000000;140;9473223487;S
20240129;100005;164.170000000;10;9473223490;S
20240129;100005;164.170000000;10;9473223491;S
20240129;100005;164.200000000;10;9473223492;B
20240129;100005;164.200000000;10;9473223493;B
20240129;100005;164.200000000;20;9473223494;B
20240129;100005;164.170000000;20;9473223495;S
20240129;100005;164.170000000;10;9473223496;S
20240129;100005;164.200000000;10;9473223497;B
20240129;100005;164.200000000;20;9473223498;B
20240129;100005;164.200000000;10;9473223500;B
20240129;100005;164.200000000;10;9473223501;B
20240129;100005;164.200000000;10;9473223502;B
20240129;100005;164.170000000;5390;9473223503;S
20240129;100005;164.090000000;1830;9473223504;S
20240129;100005;164.090000000;1830;9473223505;S
20240129;100005;164.080000000;800;9473223506;S
20240129;100005;164.080000000;150;9473223507;S
20240129;100005;164.080000000;10;9473223508;S
20240129;100005;164.080000000;20;9473223509;S
20240129;100005;164.080000000;210;9473223510;S
20240129;100005;164.200000000;100;9473223511;B
20240129;100005;164.080000000;20;9473223708;S
20240129;100006;164.200000000;10;9473223786;B
20240129;100006;164.080000000;10;9473223788;S
20240129;100006;164.200000000;10;9473223791;B
20240129;100006;164.080000000;20;9473223793;S
20240129;100006;164.200000000;30;9473223794;B
20240129;100006;164.200000000;10;9473223796;B
20240129;100006;164.200000000;50;9473223797;B
20240129;100006;164.080000000;10;9473223799;S
20240129;100006;164.080000000;10;9473223804;S
20240129;100006;164.200000000;10;9473223805;B
20240129;100006;164.200000000;10;9473223806;B
20240129;100006;164.080000000;60;9473223808;S
20240129;100006;164.200000000;100;9473223809;B
20240129;100006;164.200000000;10;9473223810;B
20240129;100006;164.200000000;10;9473223811;B
20240129;100006;164.200000000;10;9473223814;B
20240129;100006;164.200000000;10;9473223815;B
20240129;100006;164.080000000;10;9473223816;S
20240129;100006;164.200000000;10;9473223817;B
20240129;100006;164.080000000;490;9473223819;S
20240129;100006;164.080000000;10;9473223820;S
20240129;100006;164.200000000;10;9473223822;B
20240129;100006;164.080000000;10;9473223824;S
20240129;100006;164.200000000;10;9473223831;B
20240129;100006;164.080000000;10;9473223834;S
20240129;100006;164.080000000;10;9473223837;S
20240129;100006;164.200000000;10;9473223841;B
20240129;100006;164.200000000;30;9473224214;B
20240129;100006;164.170000000;10;9473224415;S
20240129;100006;164.200000000;10;9473224416;B
20240129;100006;164.200000000;10;9473224417;B
20240129;100006;164.190000000;10;9473224418;B
20240129;100006;164.170000000;10;9473224419;S
20240129;100006;164.170000000;50;9473224420;S
20240129;100006;164.170000000;50;9473224423;S
20240129;100006;164.190000000;10;9473224424;B
20240129;100006;164.190000000;10;9473224425;B
20240129;100006;164.200000000;10;9473224426;B
20240129;100006;164.200000000;10;9473224427;B
20240129;100006;164.200000000;10;9473224428;B
20240129;100006;164.170000000;20;9473224429;S
20240129;100006;164.200000000;100;9473224430;B
20240129;100006;164.200000000;10;9473224431;B
20240129;100006;164.200000000;100;9473224432;B
20240129;100006;164.200000000;10;9473224815;B
20240129;100006;164.200000000;40;9473224816;B
20240129;100006;164.200000000;10;9473224817;B
20240129;100006;164.200000000;10;9473224818;B
20240129;100006;164.200000000;300;9473224819;B
20240129;100006;164.200000000;10;9473224820;B
20240129;100006;164.200000000;10;9473224821;B
20240129;100006;164.200000000;10;9473224822;B
20240129;100006;164.200000000;10;9473224823;B
20240129;100006;164.200000000;10;9473224824;B
20240129;100006;164.190000000;10;9473224826;S
20240129;100006;164.190000000;20;9473224827;S
20240129;100006;164.150000000;210;9473224828;S
20240129;100006;164.130000000;70;9473224829;S
20240129;100006;164.170000000;10;9473224865;S
20240129;100006;164.200000000;10;9473225222;B
20240129;100006;164.200000000;10;9473225223;B
20240129;100006;164.200000000;10;9473225224;B
20240129;100006;164.200000000;10;9473225225;B
20240129;100006;164.190000000;10;9473225226;S
20240129;100006;164.190000000;10;9473225227;S
20240129;100006;164.200000000;10;9473225228;B
20240129;100006;164.190000000;20;9473225229;S
20240129;100006;164.200000000;10;9473225230;B
20240129;100006;164.200000000;10;9473225231;B
20240129;100006;164.200000000;10;9473225480;B
20240129;100006;164.200000000;10;9473225484;B
20240129;100006;164.180000000;10;9473225485;S
20240129;100006;164.200000000;50;9473225488;B
20240129;100006;164.200000000;10;9473225489;B
20240129;100006;164.180000000;10;9473225490;S
20240129;100006;164.180000000;10;9473225494;S
20240129;100006;164.200000000;10;9473225496;B
20240129;100006;164.200000000;10;9473225497;B
20240129;100006;164.180000000;10;9473225498;S
20240129;100006;164.200000000;30;9473225500;B
20240129;100006;164.200000000;10;9473225501;B
20240129;100006;164.200000000;10;9473225506;B
20240129;100006;164.200000000;10;9473225507;B
20240129;100006;164.180000000;10;9473225508;S
20240129;100006;164.200000000;10;9473225509;B
20240129;100006;164.180000000;10;9473225511;S
20240129;100006;164.200000000;10;9473225512;B
20240129;100006;164.180000000;280;9473225513;S
20240129;100006;164.200000000;10;9473225519;B
20240129;100006;164.200000000;10;9473225521;B
20240129;100007;164.160000000;10;9473226032;S
20240129;100007;164.200000000;10;9473226033;B
20240129;100007;164.200000000;30;9473226034;B
20240129;100007;164.160000000;10;9473226035;S
20240129;100007;164.200000000;10;9473226036;B
20240129;100007;164.200000000;10;9473226037;B
20240129;100007;164.200000000;10;9473226038;B
20240129;100007;164.160000000;10;9473226039;S
20240129;100007;164.160000000;10;9473226040;S
20240129;100007;164.160000000;10;9473226041;S
20240129;100007;164.200000000;10;9473226042;B
20240129;100007;164.200000000;10;9473226043;B
20240129;100007;164.160000000;10;9473226044;S
20240129;100007;164.200000000;10;9473226045;B
20240129;100007;164.160000000;10;9473226046;S
20240129;100007;164.160000000;10;9473226047;S
20240129;100007;164.190000000;10;9473226048;B
20240129;100007;164.200000000;10;9473226386;B
20240129;100007;164.150000000;10;9473226392;S
20240129;100007;164.200000000;50;9473226394;B
20240129;100007;164.150000000;10;9473226396;S
20240129;100007;164.200000000;10;9473226397;B
20240129;100007;164.150000000;10;9473226398;S
20240129;100007;164.200000000;10;9473226399;B
20240129;100007;164.200000000;10;9473226401;B
20240129;100007;164.200000000;10;9473226405;B
20240129;100007;164.200000000;10;9473226407;B
20240129;100007;164.200000000;10;9473226408;B
20240129;100007;164.200000000;10;9473226412;B
20240129;100007;164.150000000;10;9473226413;S
20240129;100007;164.200000000;10;9473226415;B
20240129;100007;164.200000000;10;9473226418;B
20240129;100007;164.190000000;10;9473226420;B
20240129;100007;164.190000000;10;9473226422;B
20240129;100007;164.200000000;460;9473226425;B
20240129;100007;164.100000000;80;9473226551;S
20240129;100007;164.100000000;420;9473226552;S
20240129;100007;164.190000000;10;9473226554;B
20240129;100007;164.190000000;10;9473226555;B
20240129;100007;164.190000000;10;9473226556;B
20240129;100007;164.190000000;10;9473226557;B
20240129;100007;164.190000000;10;9473226559;B
20240129;100007;164.190000000;10;9473226561;B
20240129;100007;164.110000000;1830;9473226564;S
20240129;100007;164.100000000;870;9473226565;S
20240129;100007;164.190000000;10;9473226569;B
20240129;100007;164.190000000;10;9473226570;B
20240129;100007;164.190000000;40;9473226571;B
20240129;100007;164.190000000;20;9473226572;B
20240129;100007;164.190000000;30;9473226573;B
20240129;100007;164.190000000;10;9473226574;B
20240129;100007;164.190000000;10;9473226575;B
20240129;100007;164.200000000;10;9473226581;B
20240129;100007;164.200000000;10;9473226582;B
20240129;100007;164.130000000;60;9473226583;S
20240129;100007;164.190000000;80;9473226584;B
20240129;100007;164.130000000;20;9473226585;S
20240129;100007;164.140000000;10;9473227212;S
20240129;100007;164.140000000;100;9473227250;S
20240129;100007;164.190000000;10;9473227345;B
20240129;100008;164.200000000;10;9473227515;B
20240129;100008;164.130000000;10;9473227516;S
20240129;100008;164.200000000;10;9473227517;B
20240129;100008;164.130000000;10;9473227518;S
20240129;100008;164.200000000;10;9473227519;B
20240129;100008;164.200000000;50;9473227520;B
20240129;100008;164.200000000;10;9473227522;B
20240129;100008;164.200000000;10;9473227523;B
20240129;100008;164.130000000;10;9473227524;S
20240129;100008;164.130000000;10;9473227525;S
20240129;100008;164.130000000;10;9473227526;S
20240129;100008;164.200000000;10;9473227527;B
20240129;100008;164.200000000;10;9473227528;B
20240129;100008;164.130000000;10;9473227529;S
20240129;100008;164.130000000;10;9473227530;S
20240129;100008;164.130000000;300;9473227531;S
20240129;100009;164.190000000;1700;9473228015;B
20240129;100009;164.190000000;320;9473228202;B
20240129;100009;164.190000000;10;9473228215;B
20240129;100010;164.190000000;340;9473228295;B
20240129;100010;164.190000000;30;9473228308;B
20240129;100010;164.190000000;30;9473228376;B
20240129;100010;164.190000000;20;9473228503;B
20240129;100010;164.190000000;10;9473228610;B
20240129;100010;164.190000000;10;9473228704;B
20240129;100010;164.160000000;130;9473228715;S
20240129;100011;164.160000000;20;9473228842;S
20240129;100011;164.160000000;190;9473228862;S
20240129;100011;164.160000000;310;9473228869;S
20240129;100011;164.160000000;300;9473228911;S
20240129;100011;164.190000000;80;9473228971;B
20240129;100011;164.190000000;20;9473229003;B
20240129;100011;164.190000000;300;9473229014;B
20240129;100011;164.090000000;700;9473229050;S
20240129;100011;164.180000000;90;9473229055;B
20240129;100011;164.150000000;10;9473229057;S
20240129;100011;164.190000000;10;9473229063;B
20240129;100011;164.170000000;90;9473229065;S
20240129;100011;164.200000000;30;9473229118;B
20240129;100011;164.140000000;30;9473229230;S
20240129;100012;164.190000000;10;9473229423;B
20240129;100012;164.190000000;10;9473229426;B
20240129;100012;164.190000000;300;9473229469;B
20240129;100013;164.190000000;1700;9473229601;B
20240129;100013;164.190000000;10;9473229662;B
20240129;100014;164.190000000;1180;9473230021;B
20240129;100014;164.190000000;1180;9473230038;B
20240129;100014;164.190000000;10;9473230075;B
20240129;100014;164.200000000;10;9473230097;B
20240129;100014;164.190000000;10;9473230167;B
20240129;100015;164.200000000;10;9473230204;B
20240129;100015;164.200000000;10;9473230304;B
20240129;100015;164.200000000;340;9473230329;B
20240129;100015;164.200000000;80;9473230330;B
20240129;100015;164.200000000;10;9473230449;B
20240129;100016;164.200000000;30;9473230689;B
20240129;100017;164.200000000;10;9473231452;B
20240129;100017;164.190000000;10;9473231620;B
20240129;100017;164.190000000;10;9473231654;B
20240129;100017;164.190000000;500;9473231787;B
20240129;100018;164.200000000;10;9473231804;B
20240129;100018;164.160000000;620;9473231897;S
20240129;100018;164.180000000;90;9473231916;B
20240129;100018;164.190000000;1470;9473232004;B
20240129;100018;164.150000000;250;9473232049;S
20240129;100018;164.150000000;3250;9473232050;S
20240129;100018;164.190000000;10;9473232107;B
20240129;100020;164.190000000;90;9473232536;B
20240129;100021;164.150000000;100;9473232799;S
20240129;100021;164.150000000;10;9473232960;S
20240129;100021;164.160000000;10;9473233023;B
20240129;100021;164.190000000;120;9473233024;B
20240129;100022;164.190000000;10;9473233083;B
20240129;100024;164.180000000;300;9473233854;B
20240129;100024;164.180000000;2110;9473233855;B
20240129;100025;164.200000000;80;9473233960;B
20240129;100025;164.200000000;150;9473234058;B
20240129;100025;164.170000000;20;9473234273;S
20240129;100025;164.200000000;1000;9473234282;B
20240129;100027;164.190000000;5000;9473234632;B
20240129;100028;164.190000000;90;9473235007;S
20240129;100028;164.170000000;10;9473235008;S
20240129;100028;164.170000000;10;9473235009;S
20240129;100028;164.170000000;190;9473235010;S
20240129;100028;164.180000000;40;9473235025;S
20240129;100028;164.170000000;60;9473235026;S
20240129;100028;164.170000000;100;9473235030;S
20240129;100028;164.170000000;300;9473235273;S
20240129;100029;164.170000000;330;9473235656;S
20240129;100029;164.190000000;850;9473235702;B
20240129;100030;164.190000000;10;9473235840;B
20240129;100030;164.170000000;10;9473235867;S
20240129;100031;164.190000000;10;9473236510;B
20240129;100032;164.190000000;100;9473236584;B
20240129;100032;164.190000000;1190;9473236702;B
20240129;100032;164.200000000;680;9473236703;B
20240129;100032;164.200000000;50;9473236704;B
20240129;100032;164.200000000;50;9473236705;B
20240129;100033;164.210000000;250;9473236944;S
20240129;100033;164.240000000;60;9473237064;B
20240129;100033;164.240000000;1000;9473237158;B
20240129;100033;164.240000000;10;9473237197;B
20240129;100034;164.210000000;60;9473237250;S
20240129;100034;164.240000000;300;9473237296;B
20240129;100034;164.210000000;100;9473237388;S
20240129;100034;164.240000000;100;9473237471;B
20240129;100034;164.240000000;400;9473237548;B
20240129;100035;164.240000000;10;9473237551;B
20240129;100036;164.210000000;150;9473237921;S
20240129;100036;164.210000000;120;9473237946;S
20240129;100036;164.240000000;120;9473237999;B
20240129;100036;164.250000000;380;9473238000;B
20240129;100037;164.250000000;40;9473238125;B
20240129;100037;164.250000000;200;9473238340;B
20240129;100039;164.210000000;2280;9473238649;S
20240129;100040;164.210000000;100;9473238828;S
20240129;100040;164.240000000;10;9473238878;B
20240129;100041;164.210000000;10;9473239100;S
20240129;100041;164.210000000;90;9473239101;S
20240129;100041;164.210000000;10;9473239519;S
20240129;100041;164.240000000;10;9473239526;B
20240129;100042;164.210000000;40;9473239638;S
20240129;100042;164.210000000;2000;9473239667;S
20240129;100042;164.240000000;60;9473239683;B
20240129;100042;164.240000000;10;9473239712;B
20240129;100043;164.240000000;20;9473239836;B
20240129;100043;164.240000000;10;9473239985;B
20240129;100043;164.210000000;240;9473240038;S
20240129;100044;164.210000000;100;9473240355;S
20240129;100045;164.240000000;10;9473240391;B
20240129;100045;164.240000000;80;9473240525;B
20240129;100045;164.240000000;10;9473240621;B
20240129;100045;164.210000000;10;9473240660;S
20240129;100046;164.240000000;10;9473240795;B
20240129;100047;164.210000000;100;9473241121;S
20240129;100047;164.250000000;40;9473241138;B
20240129;100047;164.250000000;10;9473241243;B
20240129;100048;164.250000000;200;9473241298;B
20240129;100048;164.250000000;70;9473241398;B
20240129;100048;164.210000000;90;9473241482;S
20240129;100049;164.250000000;10;9473241562;B
20240129;100049;164.250000000;50;9473241563;B
20240129;100049;164.250000000;100;9473241564;B
20240129;100049;164.250000000;30;9473241611;B
20240129;100051;164.250000000;500;9473242018;B
20240129;100051;164.240000000;1000;9473242030;S
20240129;100053;164.250000000;10;9473242425;B
20240129;100054;164.240000000;100;9473242782;S
20240129;100054;164.240000000;400;9473242856;S
20240129;100054;164.240000000;3000;9473242857;S
20240129;100054;164.220000000;2000;9473242858;S
20240129;100054;164.210000000;1600;9473242859;S
20240129;100055;164.210000000;20;9473243031;S
20240129;100055;164.250000000;10;9473243038;B
20240129;100055;164.210000000;10;9473243049;S
20240129;100056;164.250000000;10;9473243231;B
20240129;100057;164.250000000;10;9473243560;B
20240129;100058;164.210000000;100;9473243635;S
20240129;100058;164.250000000;60;9473243679;B
20240129;100059;164.250000000;10;9473243814;B
20240129;100100;164.210000000;10;9473244132;S
20240129;100100;164.240000000;100;9473244263;B
20240129;100100;164.240000000;100;9473244303;B
20240129;100100;164.240000000;100;9473244328;B
20240129;100100;164.240000000;300;9473244332;B
20240129;100101;164.240000000;100;9473244367;B
20240129;100101;164.240000000;100;9473244381;B
20240129;100101;164.240000000;100;9473244413;B
20240129;100102;164.240000000;100;9473244659;B
20240129;100102;164.240000000;400;9473244689;B
20240129;100102;164.250000000;560;9473244690;B
20240129;100102;164.250000000;350;9473244691;B
20240129;100102;164.270000000;10;9473244705;B
20240129;100103;164.260000000;3040;9473244932;S
20240129;100105;164.270000000;20;9473245216;B
20240129;100105;164.260000000;1000;9473245256;S
20240129;100105;164.260000000;700;9473245299;S
20240129;100106;164.270000000;10;9473245540;B
20240129;100107;164.260000000;30;9473245596;S
20240129;100107;164.260000000;170;9473245650;S
20240129;100110;164.270000000;10;9473246042;B
20240129;100110;164.280000000;10;9473246043;B
20240129;100111;164.260000000;10;9473246250;S
20240129;100111;164.260000000;1000;9473246257;S
20240129;100112;164.270000000;10;9473246464;B
20240129;100112;164.260000000;90;9473246483;S
20240129;100112;164.260000000;28980;9473246526;S
20240129;100112;164.260000000;5000;9473246527;S
20240129;100112;164.260000000;3000;9473246528;S
20240129;100112;164.260000000;20;9473246529;S
20240129;100112;164.260000000;10;9473246530;S
20240129;100112;164.260000000;250;9473246542;B
20240129;100113;164.260000000;10;9473246662;B
20240129;100113;164.250000000;10;9473246746;S
20240129;100113;164.260000000;170;9473246781;B
20240129;100114;164.250000000;10;9473246834;S
20240129;100114;164.260000000;10;9473246881;B
20240129;100115;164.260000000;10;9473247050;B
20240129;100115;164.260000000;540;9473247108;B
20240129;100115;164.260000000;10;9473247109;B
20240129;100118;164.280000000;10;9473247642;B
20240129;100119;164.270000000;70;9473247883;S
20240129;100120;164.270000000;380;9473248016;S
20240129;100120;164.270000000;100;9473248147;B
20240129;100121;164.270000000;520;9473248294;B
20240129;100121;164.270000000;1490;9473248295;B
20240129;100121;164.280000000;10;9473248296;B
20240129;100121;164.280000000;100;9473248297;B
20240129;100121;164.290000000;1830;9473248298;B
20240129;100121;164.300000000;10;9473248299;B
20240129;100121;164.300000000;10000;9473248300;B
20240129;100121;164.300000000;110;9473248301;B
20240129;100121;164.340000000;2000;9473248302;B
20240129;100121;164.340000000;2000;9473248303;B
20240129;100121;164.350000000;3030;9473248304;B
20240129;100121;164.360000000;30;9473248318;B
20240129;100122;164.300000000;10;9473248475;B
20240129;100124;164.340000000;300;9473249014;S
20240129;100124;164.310000000;90;9473249015;S
20240129;100124;164.300000000;250;9473249016;S
20240129;100126;164.300000000;10;9473249299;S
20240129;100126;164.360000000;100;9473249371;B
20240129;100127;164.360000000;1370;9473249572;B
20240129;100128;164.360000000;20;9473249813;S
20240129;100129;164.360000000;50;9473249945;S
20240129;100129;164.360000000;1060;9473249977;S
20240129;100129;164.300000000;1350;9473249978;S
20240129;100129;164.300000000;580;9473249979;S
20240129;100129;164.300000000;10;9473249992;S
20240129;100129;164.300000000;7410;9473250073;S
20240129;100129;164.300000000;10;9473250082;B
20240129;100129;164.300000000;1010;9473250149;B
20240129;100130;164.290000000;10;9473250301;B
20240129;100130;164.300000000;190;9473250302;B
20240129;100131;164.300000000;10;9473250440;B
20240129;100132;164.280000000;10;9473250732;S
20240129;100134;164.300000000;30;9473251078;B
20240129;100134;164.300000000;10;9473251134;B
20240129;100134;164.300000000;10;9473251199;B
20240129;100135;164.300000000;1320;9473251418;B
20240129;100135;164.350000000;10;9473251435;B
20240129;100136;164.300000000;100;9473251539;S
20240129;100137;164.300000000;10;9473251649;S
20240129;100137;164.350000000;30;9473251776;B
20240129;100138;164.350000000;100;9473251942;B
20240129;100138;164.360000000;100;9473251943;B
20240129;100140;164.360000000;240;9473252279;B
20240129;100143;164.360000000;2660;9473252758;B
20240129;100143;164.360000000;500;9473252759;B
20240129;100143;164.370000000;150;9473252760;B
20240129;100143;164.390000000;1830;9473252761;B
20240129;100143;164.400000000;20;9473252762;B
20240129;100143;164.400000000;60;9473252763;B
20240129;100143;164.400000000;4050;9473252764;B
20240129;100143;164.400000000;200;9473252765;B
20240129;100143;164.440000000;2000;9473252766;B
20240129;100143;164.440000000;3660;9473252767;B
20240129;100143;164.440000000;3500;9473252768;B
20240129;100143;164.450000000;100;9473252769;B
20240129;100143;164.450000000;1290;9473252770;B
20240129;100143;164.350000000;210;9473252858;S
20240129;100145;164.440000000;10;9473253111;B
20240129;100145;164.360000000;30;9473253182;S
20240129;100146;164.440000000;30;9473253226;B
20240129;100146;164.440000000;1960;9473253244;B
20240129;100146;164.440000000;30;9473253245;B
20240129;100146;164.450000000;1400;9473253246;B
20240129;100146;164.450000000;1000;9473253247;B
20240129;100146;164.450000000;1000;9473253248;B
20240129;100146;164.460000000;110;9473253249;B
20240129;100147;164.360000000;20;9473253684;S
20240129;100148;164.420000000;150;9473253750;B
20240129;100149;164.420000000;20;9473254067;B
20240129;100149;164.360000000;120;9473254068;S
20240129;100150;164.360000000;50;9473254198;S
20240129;100152;164.420000000;10;9473254582;B
20240129;100152;164.420000000;100;9473254638;B
20240129;100152;164.360000000;500;9473254640;S
20240129;100153;164.420000000;200;9473254727;B
20240129;100153;164.360000000;50;9473254818;S
20240129;100153;164.360000000;2920;9473254865;S
20240129;100153;164.350000000;1080;9473254866;S
20240129;100153;164.350000000;7970;9473254867;S
20240129;100154;164.350000000;1000;9473254943;S
20240129;100155;164.420000000;10;9473255278;B
20240129;100156;164.400000000;500;9473255508;B
20240129;100156;164.420000000;2010;9473255509;B
20240129;100156;164.430000000;1200;9473255510;S
20240129;100156;164.430000000;400;9473255511;S
20240129;100156;164.430000000;1200;9473255512;S
20240129;100156;164.430000000;200;9473255513;S
20240129;100156;164.430000000;100;9473255514;S
20240129;100156;164.430000000;100;9473255515;S
20240129;100156;164.430000000;200;9473255516;S
20240129;100156;164.430000000;500;9473255517;S
20240129;100156;164.430000000;10;9473255519;S
20240129;100157;164.430000000;3220;9473255593;S
20240129;100158;164.460000000;10;9473255728;B
20240129;100158;164.460000000;10;9473255804;B
20240129;100159;164.460000000;40;9473255861;B
20240129;100159;164.430000000;360;9473255884;S
20240129;100159;164.460000000;40;9473255896;B
20240129;100159;164.460000000;40;9473255904;B
20240129;100159;164.460000000;200;9473255926;B
20240129;100202;164.430000000;50;9473256408;B
20240129;100202;164.420000000;10;9473256413;S
20240129;100202;164.400000000;390;9473256414;S
20240129;100204;164.400000000;110;9473256789;S
20240129;100204;164.400000000;200;9473256910;B
20240129;100205;164.400000000;2730;9473257031;B
20240129;100205;164.430000000;10;9473257032;B
20240129;100205;164.450000000;10;9473257033;B
20240129;100205;164.460000000;2250;9473257034;B
20240129;100206;164.460000000;10;9473257224;B
20240129;100208;164.460000000;100;9473257527;B
20240129;100209;164.460000000;10;9473257651;B
20240129;100210;164.400000000;20;9473257837;S
20240129;100210;164.460000000;50;9473257873;B
20240129;100211;164.420000000;500;9473257971;B
20240129;100211;164.460000000;30;9473258076;B
20240129;100212;164.460000000;10;9473258380;B
20240129;100212;164.470000000;40;9473258381;B
20240129;100213;164.450000000;200;9473258490;B
20240129;100213;164.450000000;800;9473258565;B
20240129;100213;164.460000000;10;9473258566;B
20240129;100213;164.470000000;70;9473258567;B
20240129;100213;164.470000000;20;9473258568;B
20240129;100213;164.470000000;3050;9473258569;B
20240129;100213;164.470000000;10;9473258570;B
20240129;100213;164.470000000;70;9473258571;B
20240129;100213;164.480000000;20;9473258572;B
20240129;100213;164.480000000;1000;9473258573;B
20240129;100213;164.480000000;10;9473258574;B
20240129;100213;164.480000000;60;9473258575;B
20240129;100213;164.480000000;500;9473258576;B
20240129;100213;164.480000000;1240;9473258577;B
20240129;100213;164.490000000;10;9473258578;B
20240129;100213;164.490000000;430;9473258579;B
20240129;100214;164.420000000;10;9473258703;S
20240129;100214;164.490000000;580;9473258760;B
20240129;100215;164.490000000;80;9473258888;B
20240129;100215;164.420000000;40;9473258923;S
20240129;100217;164.460000000;500;9473259262;S
20240129;100217;164.460000000;300;9473259352;B
20240129;100217;164.460000000;30;9473259359;B
20240129;100218;164.420000000;250;9473259533;S
20240129;100218;164.400000000;20;9473259534;S
20240129;100218;164.400000000;500;9473259535;S
20240129;100218;164.390000000;10;9473259536;S
20240129;100218;164.380000000;3660;9473259537;S
20240129;100218;164.370000000;90;9473259538;S
20240129;100218;164.360000000;750;9473259539;S
20240129;100218;164.360000000;50;9473259540;S
20240129;100218;164.360000000;120;9473259541;S
20240129;100218;164.360000000;170;9473259542;S
20240129;100218;164.360000000;2110;9473259543;S
20240129;100218;164.360000000;20;9473259664;S
20240129;100220;164.360000000;10;9473259896;S
20240129;100220;164.420000000;40;9473259928;B
20240129;100220;164.360000000;1520;9473259998;S
20240129;100220;164.350000000;3190;9473259999;S
20240129;100220;164.350000000;670;9473260000;S
20240129;100220;164.350000000;300;9473260001;S
20240129;100220;164.350000000;100;9473260002;S
20240129;100220;164.350000000;100;9473260003;S
20240129;100221;164.420000000;100;9473260045;B
20240129;100221;164.400000000;30;9473260128;S
20240129;100222;164.420000000;1260;9473260230;B
20240129;100222;164.430000000;230;9473260231;B
20240129;100222;164.470000000;10;9473260260;B
20240129;100225;164.450000000;10;9473260918;S
20240129;100225;164.400000000;270;9473260919;S
20240129;100226;164.400000000;30;9473261040;S
20240129;100227;164.420000000;10;9473261265;B
20240129;100229;164.420000000;40;9473261550;B
20240129;100229;164.400000000;30;9473261808;S
20240129;100231;164.420000000;150;9473262028;B
20240129;100231;164.420000000;40;9473262029;B
20240129;100231;164.420000000;200;9473262082;B
20240129;100231;164.400000000;100;9473262198;S
20240129;100232;164.400000000;520;9473262270;S
20240129;100232;164.400000000;220;9473262271;S
20240129;100232;164.400000000;100;9473262272;S
20240129;100232;164.400000000;90;9473262273;S
20240129;100232;164.400000000;500;9473262274;S
20240129;100232;164.380000000;100;9473262275;S
20240129;100232;164.380000000;30;9473262366;B
20240129;100233;164.360000000;10;9473262412;S
20240129;100233;164.380000000;30;9473262637;B
20240129;100234;164.360000000;10;9473262691;S
20240129;100240;164.360000000;30;9473263924;S
20240129;100240;164.360000000;170;9473263925;S
20240129;100240;164.360000000;30;9473263983;S
20240129;100240;164.360000000;20;9473264030;B
20240129;100240;164.380000000;50;9473264031;B
20240129;100240;164.380000000;10;9473264032;B
20240129;100240;164.410000000;50;9473264036;B
20240129;100241;164.410000000;1780;9473264151;B
20240129;100241;164.420000000;560;9473264152;B
20240129;100241;164.420000000;2580;9473264153;B
20240129;100241;164.420000000;100;9473264226;S
20240129;100242;164.450000000;20;9473264403;B
20240129;100243;164.420000000;80;9473264465;S
20240129;100243;164.380000000;20;9473264466;S
20240129;100243;164.360000000;800;9473264467;S
20240129;100243;164.360000000;10;9473264470;B
20240129;100243;164.350000000;20;9473264592;S
20240129;100244;164.360000000;20;9473264610;B
20240129;100245;164.360000000;70;9473264782;B
20240129;100245;164.450000000;10;9473264825;B
20240129;100245;164.450000000;10;9473264843;B
20240129;100247;164.380000000;20;9473265074;S
20240129;100247;164.450000000;10;9473265228;B
20240129;100247;164.450000000;10;9473265239;B
20240129;100248;164.380000000;10;9473265379;S
20240129;100248;164.380000000;100;9473265481;S
20240129;100249;164.380000000;10;9473265483;S
20240129;100249;164.380000000;80;9473265535;S
20240129;100249;164.400000000;30;9473265600;B
20240129;100249;164.400000000;10;9473265624;B
20240129;100250;164.380000000;60;9473265652;S
20240129;100250;164.380000000;10;9473265653;S
20240129;100250;164.350000000;2670;9473265654;S
20240129;100250;164.350000000;10;9473265655;S
20240129;100250;164.350000000;500;9473265656;S
20240129;100250;164.350000000;10000;9473265657;S
20240129;100250;164.350000000;20;9473265714;B
20240129;100251;164.350000000;100;9473265834;B
20240129;100252;164.350000000;10;9473266063;B
20240129;100252;164.340000000;10;9473266095;S
20240129;100252;164.350000000;10;9473266266;B
20240129;100252;164.350000000;10;9473266273;B
20240129;100254;164.350000000;50;9473266545;B
20240129;100254;164.350000000;10;9473266557;B
20240129;100254;164.340000000;10;9473266579;S
20240129;100255;164.330000000;100;9473266691;S
20240129;100255;164.320000000;10;9473266692;S
20240129;100255;164.310000000;90;9473266693;S
20240129;100255;164.310000000;10;9473266694;S
20240129;100258;164.340000000;40;9473267140;B
20240129;100259;164.340000000;30;9473267248;B
20240129;100300;164.340000000;50;9473267312;B
20240129;100302;164.310000000;50;9473267728;S
20240129;100302;164.300000000;440;9473267729;S
20240129;100302;164.300000000;260;9473267730;S
20240129;100303;164.340000000;20;9473268044;B
20240129;100303;164.340000000;200;9473268066;B
20240129;100304;164.340000000;10;9473268269;B
20240129;100305;164.340000000;50;9473268378;B
20240129;100305;164.300000000;1000;9473268380;S
20240129;100305;164.340000000;100;9473268398;B
20240129;100306;164.340000000;10;9473268507;B
20240129;100307;164.300000000;3740;9473268660;S
20240129;100307;164.300000000;500;9473268661;S
20240129;100307;164.300000000;760;9473268662;S
20240129;100307;164.340000000;10;9473268734;B
20240129;100308;164.340000000;200;9473268884;B
20240129;100309;164.340000000;1110;9473269133;B
20240129;100309;164.340000000;690;9473269134;B
20240129;100310;164.340000000;50;9473269305;S
20240129;100310;164.340000000;3150;9473269455;S
20240129;100310;164.340000000;450;9473269456;S
20240129;100310;164.320000000;2090;9473269457;S
20240129;100310;164.300000000;100;9473269458;S
20240129;100310;164.300000000;170;9473269459;S
20240129;100310;164.300000000;2260;9473269460;S
20240129;100310;164.300000000;570;9473269461;S
20240129;100311;164.300000000;1210;9473269582;B
20240129;100312;164.340000000;100;9473269710;B
20240129;100312;164.340000000;20;9473269769;B
20240129;100312;164.340000000;20;9473269814;B
20240129;100313;164.300000000;10;9473269823;S
20240129;100313;164.340000000;60;9473269933;B
20240129;100314;164.300000000;30;9473270048;S
20240129;100314;164.300000000;50;9473270049;S
20240129;100314;164.340000000;10;9473270051;B
20240129;100314;164.340000000;10;9473270053;B
20240129;100315;164.340000000;300;9473270328;B
20240129;100316;164.340000000;110;9473270491;S
20240129;100316;164.300000000;890;9473270492;S
20240129;100318;164.340000000;50;9473270764;B
20240129;100318;164.340000000;10;9473270770;B
20240129;100319;164.300000000;30;9473270919;S
20240129;100319;164.300000000;120;9473270920;S
20240129;100319;164.340000000;10;9473271002;B
20240129;100321;164.340000000;10;9473271580;B
20240129;100323;164.330000000;50;9473271898;B
20240129;100323;164.340000000;30;9473271899;B
20240129;100323;164.300000000;10;9473272001;S
20240129;100326;164.340000000;50;9473272829;B
20240129;100326;164.340000000;30;9473272830;B
20240129;100328;164.300000000;130;9473273158;S
20240129;100329;164.340000000;500;9473273414;B
20240129;100330;164.340000000;380;9473273652;B
20240129;100330;164.340000000;500;9473273653;B
20240129;100330;164.340000000;1000;9473273654;B
20240129;100330;164.350000000;5450;9473273655;B
20240129;100330;164.350000000;300;9473273656;B
20240129;100330;164.350000000;1500;9473273657;B
20240129;100330;164.350000000;10;9473273658;B
20240129;100330;164.360000000;10;9473273659;B
20240129;100330;164.370000000;10;9473273660;B
20240129;100330;164.370000000;160;9473273661;B
20240129;100330;164.380000000;10;9473273662;B
20240129;100330;164.380000000;20;9473273663;B
20240129;100330;164.390000000;10;9473273664;B
20240129;100330;164.400000000;280;9473273665;B
20240129;100330;164.400000000;360;9473273666;B
20240129;100330;164.300000000;70;9473273690;S
20240129;100330;164.300000000;10;9473273697;S
20240129;100331;164.400000000;160;9473273758;B
20240129;100332;164.350000000;10;9473274058;S
20240129;100333;164.350000000;10;9473274348;S
20240129;100334;164.400000000;20;9473274428;B
20240129;100334;164.350000000;200;9473274495;S
20240129;100335;164.350000000;10;9473274545;S
20240129;100336;164.350000000;10;9473274824;S
20240129;100338;164.400000000;260;9473275341;B
20240129;100338;164.400000000;30;9473275342;B
20240129;100338;164.400000000;10;9473275343;B
20240129;100338;164.400000000;500;9473275344;B
20240129;100338;164.430000000;60;9473275345;B
20240129;100338;164.430000000;290;9473275346;B
20240129;100338;164.440000000;1840;9473275347;B
20240129;100338;164.440000000;120;9473275410;B
20240129;100341;164.400000000;10;9473275875;B
20240129;100341;164.350000000;10;9473275881;S
20240129;100342;164.400000000;150;9473276107;S
20240129;100342;164.360000000;50;9473276108;S
20240129;100342;164.430000000;100;9473276130;B
20240129;100343;164.400000000;10;9473276146;S
20240129;100343;164.350000000;990;9473276147;S
20240129;100344;164.400000000;100;9473276412;B
20240129;100345;164.350000000;30;9473276512;S
20240129;100346;164.400000000;900;9473276601;B
20240129;100346;164.430000000;10;9473276717;B
20240129;100347;164.400000000;2570;9473276779;S
20240129;100347;164.400000000;100;9473276780;S
20240129;100347;164.370000000;10;9473276850;S
20240129;100348;164.400000000;10;9473276868;B
20240129;100348;164.350000000;20;9473276870;S
20240129;100348;164.400000000;150;9473276988;B
20240129;100349;164.400000000;10;9473277115;B
20240129;100349;164.400000000;10;9473277209;B
20240129;100351;164.360000000;10;9473277571;S
20240129;100356;164.360000000;70;9473278587;S
20240129;100356;164.400000000;10;9473278665;B
20240129;100356;164.360000000;20;9473278690;S
20240129;100356;164.350000000;80;9473278691;S
20240129;100356;164.400000000;10;9473278698;B
20240129;100402;164.400000000;30;9473279879;B
20240129;100402;164.400000000;10;9473279880;B
20240129;100402;164.420000000;10;9473279881;B
20240129;100403;164.420000000;10;9473280157;B
20240129;100405;164.400000000;30;9473280404;B
20240129;100405;164.360000000;10;9473280446;S
20240129;100406;164.400000000;720;9473280587;B
20240129;100406;164.400000000;10;9473280656;B
20240129;100408;164.400000000;10;9473281029;B
20240129;100408;164.360000000;70;9473281056;S
20240129;100408;164.360000000;10;9473281075;S
20240129;100410;164.400000000;10;9473281550;B
20240129;100411;164.400000000;100;9473281592;B
20240129;100413;164.400000000;10;9473282104;B
20240129;100414;164.400000000;30;9473282112;B
20240129;100417;164.360000000;1000;9473282539;S
20240129;100418;164.400000000;10;9473282826;B
20240129;100418;164.400000000;10;9473282858;B
20240129;100419;164.400000000;10;9473282949;B
20240129;100420;164.400000000;10;9473283058;B
20240129;100420;164.400000000;10;9473283233;B
20240129;100421;164.400000000;10;9473283313;B
20240129;100421;164.400000000;20;9473283315;B
20240129;100421;164.400000000;10;9473283316;B
20240129;100421;164.360000000;410;9473283370;S
20240129;100421;164.360000000;90;9473283371;S
20240129;100421;164.360000000;790;9473283372;S
20240129;100421;164.360000000;270;9473283373;S
20240129;100421;164.360000000;30;9473283374;S
20240129;100421;164.360000000;10;9473283375;S
20240129;100421;164.350000000;400;9473283376;S
20240129;100421;164.350000000;2200;9473283377;S
20240129;100421;164.350000000;20;9473283378;S
20240129;100421;164.350000000;500;9473283379;S
20240129;100421;164.350000000;530;9473283380;S
20240129;100421;164.400000000;150;9473283387;B
20240129;100422;164.400000000;20;9473283542;B
20240129;100423;164.400000000;20;9473283687;B
20240129;100423;164.400000000;10;9473283688;B
20240129;100423;164.400000000;100;9473283689;B
20240129;100424;164.410000000;10;9473283846;B
20240129;100424;164.400000000;1870;9473283874;S
20240129;100424;164.360000000;1450;9473283875;S
20240129;100427;164.380000000;10;9473284971;S
20240129;100427;164.360000000;50;9473284972;S
20240129;100427;164.350000000;140;9473284973;S
20240129;100428;164.400000000;120;9473285090;B
20240129;100429;164.390000000;10;9473285325;B
20240129;100429;164.400000000;10;9473285338;B
20240129;100431;164.400000000;300;9473285730;B
20240129;100432;164.400000000;40;9473285827;B
20240129;100433;164.350000000;320;9473286024;S
20240129;100433;164.350000000;10;9473286149;S
20240129;100433;164.350000000;530;9473286150;S
20240129;100434;164.400000000;350;9473286175;B
20240129;100434;164.400000000;180;9473286195;B
20240129;100434;164.400000000;200;9473286196;B
20240129;100434;164.400000000;100;9473286197;B
20240129;100434;164.400000000;10;9473286198;B
20240129;100434;164.400000000;420;9473286209;S
20240129;100436;164.410000000;10;9473286511;B
20240129;100438;164.400000000;2000;9473286721;S
20240129;100438;164.400000000;90;9473286725;S
20240129;100438;164.360000000;440;9473286726;S
20240129;100438;164.360000000;20;9473286727;S
20240129;100438;164.360000000;50;9473286830;B
20240129;100442;164.360000000;330;9473287310;B
20240129;100442;164.360000000;200;9473287311;B
20240129;100442;164.400000000;1000;9473287312;B
20240129;100442;164.410000000;190;9473287313;B
20240129;100443;164.420000000;20;9473287495;B
20240129;100443;164.410000000;280;9473287505;S
20240129;100444;164.350000000;20;9473287674;S
20240129;100444;164.390000000;280;9473287706;B
20240129;100446;164.360000000;100;9473288056;B
20240129;100446;164.360000000;10;9473288267;B
20240129;100447;164.350000000;450;9473288406;S
20240129;100447;164.350000000;100;9473288407;S
20240129;100447;164.340000000;40;9473288408;S
20240129;100448;164.340000000;50;9473288616;S
20240129;100448;164.340000000;10;9473288617;S
20240129;100448;164.340000000;10;9473288618;S
20240129;100448;164.340000000;420;9473288619;S
20240129;100448;164.340000000;300;9473288620;S
20240129;100448;164.330000000;210;9473288621;S
20240129;100448;164.330000000;40;9473288701;S
20240129;100448;164.310000000;500;9473288702;S
20240129;100448;164.310000000;50;9473288703;S
20240129;100448;164.300000000;10;9473288704;S
20240129;100448;164.300000000;10;9473288705;S
20240129;100448;164.300000000;300;9473288706;S
20240129;100448;164.300000000;10;9473288707;S
20240129;100448;164.300000000;100;9473288708;S
20240129;100448;164.300000000;2500;9473288709;S
20240129;100449;164.300000000;20;9473288755;B
20240129;100449;164.300000000;50;9473288765;B
20240129;100449;164.290000000;10;9473288824;S
20240129;100450;164.300000000;30;9473288886;B
20240129;100450;164.290000000;180;9473288961;S
20240129;100451;164.300000000;50;9473289203;B
20240129;100451;164.300000000;10;9473289233;B
20240129;100454;164.300000000;20;9473289662;B
20240129;100455;164.290000000;310;9473289944;S
20240129;100455;164.300000000;130;9473290030;B
20240129;100457;164.300000000;60;9473290245;B
20240129;100458;164.300000000;10;9473290472;B
20240129;100459;164.300000000;60;9473290595;B
20240129;100459;164.300000000;120;9473290642;B
20240129;100500;164.300000000;10;9473290816;B
20240129;100502;164.300000000;200;9473291507;B
20240129;100503;164.300000000;420;9473291550;B
20240129;100506;164.290000000;40;9473292054;S
20240129;100507;164.300000000;2000;9473292170;B
20240129;100508;164.290000000;10;9473292513;S
20240129;100509;164.300000000;10;9473292844;B
20240129;100511;164.300000000;10;9473293108;B
20240129;100511;164.290000000;10;9473293145;S
20240129;100514;164.300000000;90;9473293643;B
20240129;100515;164.290000000;100;9473293714;S
20240129;100515;164.300000000;100;9473293758;B
20240129;100516;164.290000000;140;9473293930;S
20240129;100516;164.290000000;50;9473293996;S
20240129;100517;164.290000000;150;9473294166;S
20240129;100517;164.290000000;50;9473294167;S
20240129;100517;164.300000000;400;9473294226;B
20240129;100517;164.300000000;370;9473294253;B
20240129;100517;164.300000000;30;9473294350;B
20240129;100518;164.300000000;650;9473294491;B
20240129;100518;164.290000000;10;9473294543;S
20240129;100518;164.290000000;40;9473294554;S
20240129;100518;164.290000000;100;9473294555;S
20240129;100518;164.290000000;20;9473294556;S
20240129;100522;164.290000000;10;9473295079;B
20240129;100522;164.270000000;30;9473295212;S
20240129;100524;164.290000000;20;9473295521;B
20240129;100525;164.290000000;20;9473295682;B
20240129;100525;164.290000000;10;9473295740;B
20240129;100526;164.280000000;50;9473295818;S
20240129;100526;164.270000000;420;9473295819;S
20240129;100526;164.270000000;380;9473295820;S
20240129;100526;164.270000000;40;9473295821;S
20240129;100526;164.260000000;10;9473295822;S
20240129;100526;164.280000000;400;9473295843;B
20240129;100526;164.280000000;80;9473295860;B
20240129;100526;164.260000000;1000;9473295896;S
20240129;100526;164.250000000;980;9473295897;S
20240129;100526;164.250000000;30;9473295898;S
20240129;100526;164.250000000;1230;9473295899;S
20240129;100526;164.240000000;1000;9473295900;S
20240129;100526;164.240000000;8000;9473295901;S
20240129;100526;164.230000000;2000;9473295902;S
20240129;100526;164.210000000;1000;9473295903;S
20240129;100526;164.210000000;1980;9473295904;S
20240129;100526;164.200000000;3780;9473295905;S
20240129;100526;164.200000000;200;9473295906;S
20240129;100526;164.200000000;40;9473295907;S
20240129;100526;164.200000000;30;9473295908;S
20240129;100526;164.200000000;10;9473295909;S
20240129;100526;164.200000000;20;9473295910;S
20240129;100526;164.200000000;2000;9473295911;S
20240129;100526;164.200000000;10;9473295912;S
20240129;100526;164.190000000;10;9473295913;S
20240129;100526;164.190000000;800;9473295914;S
20240129;100526;164.180000000;10;9473295915;S
20240129;100526;164.180000000;8390;9473295916;S
20240129;100528;164.160000000;20;9473296157;S
20240129;100529;164.200000000;30;9473296515;B
20240129;100529;164.200000000;470;9473296520;B
20240129;100529;164.210000000;30;9473296521;B
20240129;100530;164.210000000;3500;9473296630;B
20240129;100531;164.230000000;10;9473296833;B
20240129;100531;164.230000000;940;9473296844;B
20240129;100532;164.180000000;20;9473297129;S
20240129;100532;164.170000000;20;9473297130;S
20240129;100532;164.160000000;2950;9473297131;S
20240129;100534;164.210000000;10;9473297461;B
20240129;100536;164.160000000;10;9473297830;S
20240129;100537;164.160000000;110;9473297954;S
20240129;100537;164.210000000;190;9473297982;B
20240129;100537;164.210000000;310;9473297983;B
20240129;100538;164.170000000;1200;9473298172;S
20240129;100539;164.200000000;150;9473298278;B
20240129;100540;164.210000000;120;9473298498;B
20240129;100540;164.210000000;10;9473298500;B
20240129;100540;164.160000000;500;9473298512;S
20240129;100541;164.150000000;10;9473298597;S
20240129;100541;164.150000000;30;9473298598;S
20240129;100541;164.150000000;1960;9473298599;S
20240129;100541;164.180000000;880;9473298697;B
20240129;100542;164.180000000;1010;9473298777;B
20240129;100542;164.200000000;2990;9473298778;B
20240129;100542;164.200000000;110;9473298830;B
20240129;100543;164.200000000;190;9473299145;B
20240129;100543;164.200000000;10;9473299231;B
20240129;100543;164.210000000;60;9473299232;B
20240129;100545;164.210000000;300;9473299411;B
20240129;100545;164.150000000;40;9473299449;S
20240129;100545;164.210000000;10;9473299482;B
20240129;100545;164.210000000;310;9473299484;B
20240129;100545;164.210000000;10;9473299505;B
20240129;100545;164.150000000;100;9473299570;S
20240129;100546;164.210000000;60;9473299612;B
20240129;100546;164.210000000;10;9473299739;B
20240129;100548;164.150000000;190;9473300027;S
20240129;100548;164.210000000;200;9473300044;B
20240129;100548;164.210000000;50;9473300045;B
20240129;100549;164.210000000;20;9473300228;B
20240129;100550;164.220000000;10;9473300434;B
20240129;100553;164.220000000;190;9473300802;B
20240129;100553;164.220000000;60;9473300803;B
20240129;100554;164.190000000;400;9473300954;S
20240129;100556;164.210000000;70;9473301320;S
20240129;100556;164.190000000;600;9473301321;S
20240129;100556;164.170000000;3850;9473301322;S
20240129;100556;164.160000000;100;9473301323;S
20240129;100556;164.160000000;30;9473301324;S
20240129;100556;164.150000000;90;9473301325;S
20240129;100556;164.140000000;100;9473301326;S
20240129;100556;164.140000000;60;9473301327;S
20240129;100556;164.130000000;500;9473301328;S
20240129;100556;164.130000000;250;9473301329;S
20240129;100556;164.130000000;800;9473301330;S
20240129;100556;164.120000000;10;9473301331;S
20240129;100556;164.120000000;100;9473301332;S
20240129;100556;164.120000000;5500;9473301333;S
20240129;100556;164.110000000;100;9473301334;S
20240129;100556;164.110000000;2650;9473301335;S
20240129;100557;164.120000000;80;9473301609;S
20240129;100557;164.120000000;520;9473301610;S
20240129;100557;164.120000000;10;9473301694;S
20240129;100600;164.110000000;380;9473302051;S
20240129;100600;164.120000000;10;9473302112;S
20240129;100600;164.120000000;140;9473302113;S
20240129;100601;164.160000000;20;9473302275;B
20240129;100602;164.120000000;330;9473302446;S
20240129;100603;164.120000000;200;9473302595;S
20240129;100604;164.120000000;5000;9473302705;S
20240129;100604;164.110000000;2000;9473302706;S
20240129;100605;164.140000000;1000;9473302952;B
20240129;100605;164.120000000;100;9473302986;S
20240129;100607;164.140000000;200;9473303376;B
20240129;100608;164.110000000;10;9473303568;S
20240129;100608;164.140000000;30;9473303602;B
20240129;100609;164.140000000;10;9473303802;B
20240129;100610;164.140000000;30;9473303877;B
20240129;100610;164.150000000;40;9473303904;B
20240129;100611;164.150000000;120;9473303990;B
20240129;100612;164.150000000;460;9473304290;B
20240129;100612;164.140000000;40;9473304334;S
20240129;100613;164.140000000;40;9473304443;S
20240129;100614;164.140000000;10;9473304730;S
20240129;100614;164.150000000;10;9473304749;B
20240129;100615;164.150000000;10;9473304816;B
20240129;100617;164.150000000;10;9473305295;B
20240129;100618;164.150000000;20;9473305371;B
20240129;100619;164.150000000;170;9473305541;B
20240129;100619;164.160000000;200;9473305542;B
20240129;100619;164.180000000;290;9473305543;B
20240129;100621;164.180000000;20;9473305870;B
20240129;100621;164.140000000;20;9473305895;S
20240129;100623;164.180000000;40;9473306212;B
20240129;100623;164.180000000;100;9473306213;B
20240129;100623;164.180000000;100;9473306215;B
20240129;100623;164.200000000;30;9473306216;B
20240129;100623;164.140000000;70;9473306325;S
20240129;100623;164.140000000;10;9473306326;S
20240129;100623;164.120000000;770;9473306327;S
20240129;100625;164.120000000;610;9473307142;B
20240129;100625;164.120000000;220;9473307145;B
20240129;100626;164.120000000;20;9473307284;B
20240129;100626;164.120000000;20;9473307371;B
20240129;100627;164.120000000;1500;9473307486;B
20240129;100627;164.120000000;50;9473307600;B
20240129;100630;164.160000000;180;9473308167;B
20240129;100631;164.130000000;10;9473308189;S
20240129;100631;164.130000000;10;9473308190;S
20240129;100631;164.120000000;100;9473308191;S
20240129;100631;164.120000000;180;9473308192;S
20240129;100631;164.110000000;630;9473308193;S
20240129;100632;164.110000000;430;9473308321;S
20240129;100632;164.100000000;10;9473308322;S
20240129;100632;164.100000000;10;9473308323;S
20240129;100632;164.100000000;10;9473308324;S
20240129;100632;164.100000000;50;9473308325;S
20240129;100632;164.100000000;50;9473308326;S
20240129;100632;164.100000000;340;9473308327;S
20240129;100632;164.100000000;10;9473308349;S
20240129;100634;164.120000000;20;9473308815;B
20240129;100637;164.120000000;10;9473309296;B
20240129;100638;164.120000000;40;9473309367;B
20240129;100639;164.120000000;10;9473309474;S
20240129;100639;164.120000000;300;9473309475;S
20240129;100639;164.110000000;10;9473309476;S
20240129;100639;164.100000000;1380;9473309477;S
20240129;100639;164.110000000;10;9473309611;S
20240129;100640;164.100000000;200;9473309862;S
20240129;100641;164.140000000;1000;9473309903;B
20240129;100641;164.150000000;60;9473309904;B
20240129;100641;164.150000000;200;9473309905;B
20240129;100641;164.150000000;1000;9473309906;B
20240129;100641;164.150000000;1740;9473309907;B
20240129;100641;164.140000000;50;9473310012;B
20240129;100641;164.140000000;10;9473310027;B
20240129;100644;164.140000000;600;9473310500;B
20240129;100644;164.140000000;200;9473310529;B
20240129;100645;164.120000000;100;9473310772;S
20240129;100645;164.120000000;50;9473310773;S
20240129;100645;164.120000000;140;9473310778;S
20240129;100646;164.100000000;290;9473310883;S
20240129;100650;164.130000000;380;9473311672;B
20240129;100652;164.130000000;620;9473311903;B
20240129;100652;164.130000000;800;9473311904;B
20240129;100652;164.140000000;100;9473311926;B
20240129;100654;164.140000000;150;9473312213;B
20240129;100655;164.140000000;10;9473312690;B
20240129;100658;164.130000000;140;9473313118;S
20240129;100658;164.130000000;100;9473313180;S
20240129;100659;164.140000000;120;9473313211;B
20240129;100659;164.140000000;20;9473313402;B
20240129;100703;164.130000000;30;9473313900;S
20240129;100704;164.140000000;200;9473314094;B
20240129;100704;164.140000000;10;9473314132;B
20240129;100705;164.130000000;30;9473314159;S
20240129;100705;164.140000000;10;9473314237;B
20240129;100706;164.140000000;30;9473314385;B
20240129;100706;164.130000000;1420;9473314404;S
20240129;100706;164.140000000;10;9473314507;B
20240129;100708;164.140000000;3470;9473314846;B
20240129;100708;164.140000000;310;9473314847;B
20240129;100708;164.140000000;2000;9473314848;B
20240129;100708;164.150000000;2260;9473314849;B
20240129;100708;164.150000000;200;9473314850;B
20240129;100708;164.150000000;100;9473314867;S
20240129;100711;164.150000000;10;9473315277;S
20240129;100711;164.150000000;100;9473315281;S
20240129;100714;164.150000000;50;9473315905;S
20240129;100714;164.150000000;20;9473315906;S
20240129;100715;164.150000000;150;9473316084;S
20240129;100715;164.150000000;60;9473316090;S
20240129;100716;164.150000000;20;9473316240;S
20240129;100717;164.150000000;50;9473316390;S
20240129;100720;164.150000000;10;9473316971;S
20240129;100720;164.150000000;500;9473317011;S
20240129;100720;164.160000000;200;9473317050;B
20240129;100721;164.160000000;240;9473317070;B
20240129;100721;164.160000000;10;9473317184;B
20240129;100722;164.160000000;40;9473317311;B
20240129;100728;164.150000000;130;9473318307;S
20240129;100728;164.150000000;70;9473318326;S
20240129;100728;164.150000000;40;9473318327;S
20240129;100728;164.150000000;110;9473318328;S
20240129;100728;164.150000000;10;9473318329;S
20240129;100728;164.150000000;30;9473318330;S
20240129;100728;164.150000000;190;9473318331;S
20240129;100728;164.150000000;210;9473318332;S
20240129;100728;164.150000000;100;9473318333;S
20240129;100728;164.150000000;50;9473318334;S
20240129;100728;164.150000000;40;9473318335;S
20240129;100728;164.150000000;490;9473318336;S
20240129;100728;164.150000000;110;9473318337;S
20240129;100728;164.150000000;170;9473318338;S
20240129;100728;164.150000000;110;9473318340;S
20240129;100728;164.150000000;40;9473318342;S
20240129;100729;164.160000000;10;9473318428;B
20240129;100729;164.160000000;10;9473318488;B
20240129;100729;164.160000000;290;9473318523;B
20240129;100730;164.150000000;460;9473318654;S
20240129;100730;164.150000000;100;9473318655;S
20240129;100730;164.150000000;20;9473318762;S
20240129;100730;164.160000000;50;9473318785;B
20240129;100731;164.160000000;10;9473318846;B
20240129;100732;164.150000000;880;9473319134;S
20240129;100732;164.150000000;4620;9473319135;S
20240129;100732;164.160000000;10;9473319161;B
20240129;100733;164.160000000;10;9473319273;B
20240129;100734;164.160000000;100;9473319316;B
20240129;100735;164.160000000;10;9473319481;B
20240129;100735;164.160000000;10;9473319512;B
20240129;100736;164.160000000;50;9473319708;B
20240129;100737;164.160000000;100;9473319858;B
20240129;100737;164.150000000;10;9473319990;S
20240129;100738;164.150000000;900;9473320023;S
20240129;100738;164.160000000;50;9473320038;B
20240129;100738;164.160000000;10;9473320039;B
20240129;100738;164.170000000;190;9473320040;B
20240129;100739;164.170000000;20;9473320205;B
20240129;100740;164.170000000;100;9473320382;B
20240129;100740;164.170000000;10;9473320503;B
20240129;100742;164.150000000;30;9473320783;S
20240129;100742;164.140000000;10;9473320784;S
20240129;100743;164.140000000;30;9473320949;S
20240129;100743;164.140000000;2000;9473320950;S
20240129;100743;164.130000000;1860;9473320951;S
20240129;100743;164.130000000;350;9473320952;S
20240129;100743;164.130000000;10;9473320953;S
20240129;100743;164.130000000;2500;9473320954;S
20240129;100743;164.130000000;10;9473320955;S
20240129;100743;164.130000000;2000;9473320956;S
20240129;100743;164.120000000;50;9473320957;S
20240129;100743;164.120000000;20;9473320958;S
20240129;100743;164.120000000;30;9473320959;S
20240129;100743;164.120000000;100;9473320960;S
20240129;100743;164.120000000;20;9473320961;S
20240129;100743;164.100000000;780;9473320962;S
20240129;100743;164.100000000;300;9473320963;S
20240129;100743;164.100000000;1000;9473320964;S
20240129;100743;164.100000000;570;9473320965;S
20240129;100743;164.170000000;20;9473320969;B
20240129;100745;164.150000000;50;9473321329;S
20240129;100745;164.140000000;50;9473321330;S
20240129;100745;164.160000000;380;9473321401;B
20240129;100746;164.170000000;250;9473321488;B
20240129;100746;164.160000000;600;9473321548;B
20240129;100747;164.170000000;10;9473321577;B
20240129;100747;164.170000000;150;9473321651;B
20240129;100748;164.140000000;150;9473321731;S
20240129;100748;164.120000000;80;9473321732;S
20240129;100750;164.160000000;300;9473322088;B
20240129;100750;164.160000000;10;9473322098;B
20240129;100752;164.170000000;700;9473322269;B
20240129;100752;164.170000000;10;9473322343;B
20240129;100752;164.170000000;50;9473322368;B
20240129;100754;164.170000000;200;9473322617;B
20240129;100754;164.150000000;10;9473322628;S
20240129;100754;164.150000000;1300;9473322649;S
20240129;100755;164.170000000;500;9473323015;B
20240129;100756;164.160000000;20;9473323244;S
20240129;100757;164.160000000;80;9473323381;S
20240129;100757;164.170000000;590;9473323418;B
20240129;100759;164.170000000;100;9473323816;B
20240129;100800;164.160000000;50;9473323927;S
20240129;100801;164.170000000;30;9473324125;B
20240129;100801;164.160000000;30;9473324129;S
20240129;100801;164.160000000;190;9473324161;S
20240129;100801;164.160000000;630;9473324356;S
20240129;100801;164.160000000;300;9473324357;S
20240129;100801;164.160000000;620;9473324358;S
20240129;100802;164.160000000;10;9473324484;B
20240129;100802;164.160000000;100;9473324530;B
20240129;100803;164.160000000;200;9473324681;B
20240129;100804;164.160000000;10;9473325009;B
20240129;100806;164.130000000;150;9473325245;S
20240129;100806;164.130000000;140;9473325246;S
20240129;100806;164.150000000;10;9473325313;B
20240129;100806;164.160000000;20;9473325335;B
20240129;100808;164.130000000;30;9473326110;S
20240129;100808;164.130000000;3000;9473326111;S
20240129;100808;164.130000000;10;9473326112;S
20240129;100808;164.110000000;2000;9473326113;S
20240129;100808;164.100000000;430;9473326114;S
20240129;100808;164.100000000;1000;9473326115;S
20240129;100808;164.100000000;3530;9473326116;S
20240129;100810;164.160000000;10;9473326366;B
20240129;100812;164.160000000;10;9473326845;B
20240129;100813;164.160000000;800;9473326972;B
20240129;100813;164.160000000;1000;9473326973;B
20240129;100813;164.160000000;250;9473326974;B
20240129;100813;164.170000000;5950;9473326975;B
20240129;100813;164.170000000;200;9473326976;B
20240129;100813;164.170000000;1890;9473326977;B
20240129;100813;164.170000000;500;9473326978;B
20240129;100813;164.190000000;200;9473326979;B
20240129;100813;164.200000000;170;9473326980;B
20240129;100813;164.200000000;10;9473326981;B
20240129;100813;164.200000000;4030;9473326982;B
20240129;100813;164.160000000;10;9473327067;B
20240129;100814;164.130000000;20;9473327184;B
20240129;100814;164.140000000;100;9473327185;S
20240129;100814;164.140000000;900;9473327190;S
20240129;100814;164.140000000;200;9473327191;S
20240129;100814;164.140000000;800;9473327192;S
20240129;100817;164.140000000;300;9473327597;B
20240129;100817;164.160000000;310;9473327598;B
20240129;100819;164.160000000;50;9473327959;B
20240129;100819;164.160000000;100;9473327968;B
20240129;100820;164.160000000;10;9473328087;B
20240129;100820;164.160000000;40;9473328099;B
20240129;100820;164.160000000;490;9473328122;B
20240129;100821;164.200000000;300;9473328180;B
20240129;100821;164.200000000;1000;9473328181;B
20240129;100821;164.210000000;120;9473328182;B
20240129;100821;164.210000000;20;9473328183;B
20240129;100821;164.210000000;200;9473328184;B
20240129;100821;164.220000000;200;9473328185;B
20240129;100821;164.220000000;30;9473328186;B
20240129;100821;164.220000000;100;9473328187;B
20240129;100821;164.220000000;10;9473328188;B
20240129;100821;164.220000000;20;9473328189;B
20240129;100822;164.160000000;10;9473328477;S
20240129;100822;164.140000000;250;9473328478;S
20240129;100826;164.160000000;50;9473329107;S
20240129;100826;164.140000000;750;9473329108;S
20240129;100826;164.140000000;70;9473329109;S
20240129;100826;164.170000000;1000;9473329183;S
20240129;100826;164.140000000;100;9473329184;S
20240129;100826;164.140000000;1000;9473329185;S
20240129;100826;164.130000000;1980;9473329186;S
20240129;100826;164.130000000;10;9473329187;S
20240129;100826;164.120000000;100;9473329188;S
20240129;100826;164.120000000;20;9473329189;S
20240129;100826;164.120000000;60;9473329190;S
20240129;100826;164.120000000;10;9473329191;S
20240129;100826;164.110000000;100;9473329192;S
20240129;100826;164.110000000;10;9473329193;S
20240129;100826;164.100000000;1470;9473329194;S
20240129;100826;164.100000000;30;9473329195;S
20240129;100826;164.100000000;10;9473329196;S
20240129;100826;164.100000000;350;9473329197;S
20240129;100826;164.100000000;100;9473329198;S
20240129;100826;164.100000000;50;9473329199;S
20240129;100826;164.100000000;2000;9473329200;S
20240129;100826;164.100000000;50;9473329201;S
20240129;100826;164.100000000;300;9473329202;S
20240129;100826;164.090000000;100;9473329203;S
20240129;100826;164.090000000;10;9473329204;S
20240129;100826;164.090000000;800;9473329205;S
20240129;100826;164.080000000;10;9473329206;S
20240129;100826;164.080000000;50;9473329207;S
20240129;100826;164.080000000;100;9473329208;S
20240129;100826;164.070000000;2000;9473329209;S
20240129;100826;164.060000000;500;9473329210;S
20240129;100826;164.060000000;20;9473329211;S
20240129;100826;164.050000000;10;9473329212;S
20240129;100826;164.050000000;20;9473329213;S
20240129;100826;164.050000000;30;9473329214;S
20240129;100826;164.050000000;10;9473329215;S
20240129;100826;164.050000000;8690;9473329216;S
20240129;100826;164.100000000;1000;9473329312;S
20240129;100826;164.100000000;50;9473329313;S
20240129;100826;164.080000000;1000;9473329314;S
20240129;100826;164.080000000;950;9473329315;S
20240129;100829;164.110000000;30;9473329790;B
20240129;100829;164.080000000;1000;9473329888;S
20240129;100829;164.080000000;270;9473329889;S
20240129;100829;164.060000000;1000;9473329890;S
20240129;100829;164.040000000;10;9473329891;S
20240129;100829;164.030000000;10;9473329892;S
20240129;100829;164.030000000;100;9473329893;S
20240129;100829;164.030000000;100;9473329894;S
20240129;100829;164.030000000;100;9473329895;S
20240129;100829;164.030000000;2000;9473329896;S
20240129;100829;164.020000000;5410;9473329897;S
20240129;100830;164.070000000;800;9473329977;B
20240129;100830;164.080000000;1000;9473329978;B
20240129;100830;164.090000000;200;9473329979;B
20240129;100831;164.090000000;10;9473330097;B
20240129;100831;164.090000000;10;9473330192;B
20240129;100831;164.090000000;300;9473330472;B
20240129;100832;164.090000000;30;9473330565;B
20240129;100833;164.030000000;1000;9473330738;S
20240129;100833;164.030000000;1000;9473330739;S
20240129;100833;164.020000000;1860;9473330740;S
20240129;100834;164.050000000;40;9473330894;B
20240129;100834;164.050000000;760;9473330942;B
20240129;100834;164.070000000;240;9473330943;B
20240129;100836;164.050000000;100;9473331232;S
20240129;100836;164.030000000;600;9473331233;S
20240129;100838;164.070000000;40;9473331556;B
20240129;100839;164.070000000;10;9473331728;B
20240129;100840;164.070000000;510;9473331850;B
20240129;100840;164.070000000;800;9473331851;B
20240129;100840;164.090000000;100;9473331852;B
20240129;100840;164.100000000;590;9473331853;B
20240129;100841;164.090000000;500;9473332103;B
20240129;100842;164.090000000;20;9473332295;B
20240129;100842;164.060000000;30;9473332333;S
20240129;100843;164.090000000;10;9473332527;B
20240129;100843;164.090000000;20;9473332538;B
20240129;100844;164.090000000;40;9473332631;B
20240129;100844;164.070000000;40;9473332791;B
20240129;100844;164.080000000;160;9473332792;B
20240129;100846;164.070000000;10;9473333050;S
20240129;100846;164.060000000;3770;9473333051;S
20240129;100847;164.070000000;10;9473333162;S
20240129;100847;164.060000000;20;9473333163;S
20240129;100848;164.090000000;20;9473333365;B
20240129;100850;164.070000000;100;9473333817;S
20240129;100850;164.070000000;10;9473333818;S
20240129;100850;164.060000000;1180;9473333819;S
20240129;100850;164.060000000;2000;9473333820;S
20240129;100850;164.030000000;1000;9473333821;S
20240129;100850;164.030000000;200;9473333822;S
20240129;100850;164.030000000;100;9473333823;S
20240129;100850;164.020000000;2730;9473333824;S
20240129;100850;164.020000000;320;9473333825;S
20240129;100850;164.020000000;100;9473333826;S
20240129;100850;164.010000000;1730;9473333827;S
20240129;100850;164.010000000;10;9473333828;S
20240129;100850;164.010000000;20;9473333829;S
20240129;100850;164.010000000;100;9473333830;S
20240129;100850;164.010000000;30;9473333831;S
20240129;100850;164.010000000;50;9473333832;S
20240129;100850;164.010000000;320;9473333833;S
20240129;100853;164.090000000;10;9473334245;B
20240129;100854;164.070000000;350;9473334442;S
20240129;100854;164.030000000;50;9473334443;S
20240129;100854;164.030000000;560;9473334500;B
20240129;100854;164.030000000;90;9473334613;B
20240129;100855;164.030000000;50;9473334840;B
20240129;100858;164.030000000;550;9473335455;B
20240129;100858;164.030000000;100;9473335589;B
20240129;100859;164.030000000;20;9473335703;B
20240129;100859;164.030000000;180;9473335705;B
20240129;100901;164.100000000;10;9473335939;B
20240129;100902;164.080000000;40;9473336128;S
20240129;100903;164.100000000;100;9473336266;B
20240129;100907;164.100000000;30;9473337150;B
20240129;100907;164.130000000;530;9473337151;B
20240129;100909;164.100000000;200;9473337418;B
20240129;100910;164.100000000;140;9473337691;B
20240129;100911;164.100000000;100;9473337710;B
20240129;100911;164.080000000;50;9473337762;S
20240129;100911;164.100000000;100;9473337776;B
20240129;100911;164.100000000;60;9473337797;B
20240129;100916;164.080000000;60;9473338641;S
20240129;100918;164.100000000;380;9473338948;B
20240129;100919;164.100000000;50;9473339203;B
20240129;100922;164.100000000;100;9473339866;B
20240129;100925;164.100000000;30;9473340395;B
20240129;100929;164.090000000;200;9473341051;S
20240129;100930;164.100000000;260;9473341308;B
20240129;100931;164.100000000;10;9473341388;B
20240129;100933;164.100000000;40;9473341786;B
20240129;100933;164.100000000;60;9473341787;B
20240129;100935;164.100000000;100;9473342128;B
20240129;100935;164.100000000;10;9473342161;B
20240129;100936;164.100000000;10;9473342300;B
20240129;100936;164.100000000;10;9473342324;B
20240129;100936;164.100000000;60;9473342352;B
20240129;100936;164.140000000;1000;9473342363;S
20240129;100936;164.140000000;1000;9473342364;S
20240129;100936;164.110000000;1000;9473342365;S
20240129;100936;164.110000000;610;9473342366;S
20240129;100938;164.110000000;30;9473342623;S
20240129;100939;164.150000000;10;9473342650;B
20240129;100940;164.150000000;290;9473342869;B
20240129;100940;164.150000000;10;9473342870;B
20240129;100942;164.150000000;20;9473343140;B
20240129;100943;164.150000000;120;9473343324;B
20240129;100945;164.150000000;100;9473343768;B
20240129;100945;164.170000000;250;9473343769;B
20240129;100945;164.180000000;100;9473343770;B
20240129;100945;164.190000000;50;9473343771;B
20240129;100951;164.190000000;10;9473344736;B
20240129;100951;164.190000000;10;9473344867;B
20240129;100955;164.200000000;500;9473345334;B
20240129;100958;164.190000000;20;9473345678;B
20240129;100958;164.200000000;20;9473345684;B
20240129;100958;164.200000000;480;9473345697;B
20240129;100958;164.200000000;10;9473345698;B
20240129;100958;164.200000000;10;9473345699;B
20240129;100959;164.200000000;190;9473345824;B
20240129;101000;164.170000000;10;9473345995;S
20240129;101000;164.160000000;90;9473345996;S
20240129;101000;164.160000000;160;9473345998;S
20240129;101000;164.160000000;800;9473345999;S
20240129;101000;164.160000000;40;9473346000;B
20240129;101001;164.200000000;50;9473346118;B
20240129;101001;164.210000000;250;9473346119;B
20240129;101001;164.160000000;1670;9473346130;S
20240129;101001;164.160000000;30;9473346188;S
20240129;101002;164.160000000;100;9473346483;S
20240129;101005;164.210000000;50;9473347203;S
20240129;101006;164.220000000;10;9473347254;B
20240129;101006;164.220000000;20;9473347277;B
20240129;101007;164.220000000;70;9473347622;B
20240129;101007;164.220000000;1000;9473347623;B
20240129;101007;164.230000000;170;9473347624;B
20240129;101008;164.220000000;70;9473347791;S
20240129;101011;164.230000000;30;9473348341;B
20240129;101011;164.230000000;10;9473348363;B
20240129;101011;164.230000000;1000;9473348365;S
20240129;101011;164.230000000;1000;9473348366;S
20240129;101012;164.230000000;10;9473348497;B
20240129;101017;164.230000000;100;9473349535;B
20240129;101017;164.230000000;10;9473349582;B
20240129;101018;164.230000000;10;9473349712;B
20240129;101018;164.220000000;40;9473349803;S
20240129;101019;164.230000000;750;9473349823;B
20240129;101019;164.230000000;100;9473349846;B
20240129;101019;164.230000000;200;9473349847;B
20240129;101019;164.230000000;800;9473349851;S
20240129;101019;164.230000000;12030;9473349852;B
20240129;101020;164.230000000;10;9473349978;B
20240129;101020;164.230000000;100;9473350077;S
20240129;101020;164.230000000;70;9473350162;S
20240129;101022;164.230000000;440;9473350412;S
20240129;101023;164.230000000;560;9473350468;S
20240129;101023;164.230000000;700;9473350469;S
20240129;101023;164.220000000;450;9473350470;S
20240129;101024;164.230000000;10;9473350665;S
20240129;101026;164.230000000;1150;9473350949;S
20240129;101026;164.240000000;150;9473350989;B
20240129;101026;164.230000000;2740;9473351000;S
20240129;101026;164.230000000;2000;9473351001;S
20240129;101027;164.230000000;10;9473351140;B
20240129;101028;164.230000000;10;9473351218;B
20240129;101028;164.220000000;310;9473351290;S
20240129;101028;164.220000000;200;9473351410;S
20240129;101029;164.220000000;20;9473351567;S
20240129;101031;164.220000000;1090;9473351884;S
20240129;101032;164.220000000;140;9473352077;S
20240129;101033;164.220000000;40;9473352087;S
20240129;101033;164.230000000;10;9473352182;B
20240129;101035;164.230000000;120;9473352501;B
20240129;101036;164.230000000;10;9473352826;B
20240129;101037;164.230000000;10;9473353218;B
20240129;101038;164.220000000;30;9473353505;S
20240129;101039;164.230000000;100;9473353513;B
20240129;101040;164.230000000;10;9473353690;B
20240129;101046;164.230000000;20;9473354551;B
20240129;101046;164.230000000;40;9473354696;B
20240129;101048;164.230000000;500;9473354934;B
20240129;101048;164.220000000;4170;9473354975;S
20240129;101048;164.220000000;2000;9473354976;S
20240129;101048;164.220000000;190;9473354977;S
20240129;101048;164.220000000;10;9473354978;S
20240129;101048;164.220000000;30;9473354979;S
20240129;101048;164.220000000;250;9473354980;S
20240129;101048;164.220000000;50;9473354981;S
20240129;101049;164.220000000;10;9473355145;B
20240129;101050;164.220000000;30;9473355209;B
20240129;101056;164.220000000;270;9473356332;B
20240129;101056;164.220000000;40;9473356334;B
20240129;101059;164.220000000;10;9473356671;B
20240129;101059;164.220000000;80;9473356751;B
20240129;101100;164.220000000;10;9473356947;B
20240129;101101;164.210000000;100;9473357031;S
20240129;101101;164.220000000;20;9473357036;B
20240129;101101;164.220000000;190;9473357257;B
20240129;101102;164.220000000;8000;9473357322;B
20240129;101102;164.220000000;100;9473357351;B
20240129;101103;164.220000000;1000;9473357442;B
20240129;101104;164.210000000;20;9473357606;S
20240129;101104;164.210000000;1480;9473357683;S
20240129;101104;164.210000000;1570;9473357684;S
20240129;101104;164.210000000;650;9473357755;S
20240129;101105;164.220000000;180;9473357897;B
20240129;101105;164.220000000;8360;9473357906;B
20240129;101105;164.220000000;200;9473357907;B
20240129;101105;164.220000000;1360;9473357908;B
20240129;101105;164.230000000;2420;9473357909;B
20240129;101105;164.230000000;200;9473357910;B
20240129;101105;164.230000000;40;9473357911;B
20240129;101105;164.230000000;10;9473357912;B
20240129;101105;164.230000000;650;9473357913;B
20240129;101105;164.230000000;50;9473357914;B
20240129;101105;164.240000000;50;9473357915;B
20240129;101105;164.240000000;10;9473357916;B
20240129;101105;164.240000000;200;9473357917;B
20240129;101105;164.250000000;200;9473357918;B
20240129;101105;164.250000000;20;9473357919;B
20240129;101105;164.250000000;10;9473357920;B
20240129;101105;164.250000000;200;9473357921;B
20240129;101105;164.270000000;2000;9473357922;B
20240129;101105;164.280000000;500;9473357923;B
20240129;101105;164.280000000;200;9473357924;B
20240129;101105;164.280000000;5000;9473357925;B
20240129;101105;164.290000000;780;9473357926;B
20240129;101105;164.290000000;200;9473357927;B
20240129;101105;164.290000000;500;9473357928;B
20240129;101105;164.290000000;750;9473357929;B
20240129;101105;164.290000000;100;9473357930;B
20240129;101105;164.290000000;800;9473357931;B
20240129;101105;164.300000000;500;9473357932;B
20240129;101105;164.300000000;70;9473357933;B
20240129;101105;164.300000000;20;9473357934;B
20240129;101105;164.300000000;200;9473357935;B
20240129;101105;164.300000000;10;9473357936;B
20240129;101105;164.300000000;10;9473357937;B
20240129;101105;164.300000000;50;9473357938;B
20240129;101105;164.300000000;30;9473357939;B
20240129;101105;164.300000000;200;9473357940;B
20240129;101105;164.310000000;500;9473357941;B
20240129;101105;164.310000000;120;9473357942;B
20240129;101105;164.310000000;16000;9473357943;B
20240129;101105;164.320000000;500;9473357944;B
20240129;101105;164.330000000;500;9473357945;B
20240129;101105;164.340000000;300;9473357946;B
20240129;101105;164.340000000;500;9473357947;B
20240129;101105;164.340000000;8000;9473357948;B
20240129;101105;164.350000000;100;9473357949;B
20240129;101105;164.350000000;200;9473357950;B
20240129;101105;164.350000000;500;9473357951;B
20240129;101105;164.350000000;1000;9473357952;B
20240129;101105;164.360000000;200;9473357953;B
20240129;101105;164.360000000;500;9473357954;B
20240129;101105;164.360000000;10;9473357955;B
20240129;101105;164.370000000;500;9473357956;B
20240129;101105;164.370000000;8000;9473357957;B
20240129;101105;164.380000000;500;9473357958;B
20240129;101105;164.380000000;2000;9473357959;B
20240129;101105;164.390000000;500;9473357960;B
20240129;101105;164.390000000;7500;9473357961;B
20240129;101105;164.400000000;500;9473357962;B
20240129;101105;164.400000000;1000;9473357963;B
20240129;101105;164.400000000;2000;9473357964;B
20240129;101105;164.400000000;2660;9473357965;B
20240129;101105;164.340000000;30;9473358019;S
20240129;101107;164.290000000;200;9473358442;S
20240129;101107;164.310000000;30;9473358457;B
20240129;101107;164.350000000;360;9473358458;B
20240129;101108;164.370000000;20;9473358590;B
20240129;101108;164.370000000;40;9473358648;B
20240129;101110;164.360000000;20;9473359265;B
20240129;101111;164.340000000;30;9473359393;S
20240129;101113;164.340000000;220;9473359762;S
20240129;101113;164.320000000;10;9473359763;S
20240129;101113;164.320000000;4720;9473359764;S
20240129;101113;164.370000000;10;9473359794;B
20240129;101114;164.370000000;20;9473359896;B
20240129;101115;164.310000000;2500;9473360232;B
20240129;101117;164.310000000;110;9473360505;B
20240129;101119;164.310000000;200;9473360889;B
20240129;101120;164.310000000;1000;9473360928;B
20240129;101120;164.310000000;100;9473360931;B
20240129;101120;164.310000000;100;9473360936;B
20240129;101120;164.310000000;990;9473360963;B
20240129;101120;164.310000000;200;9473360964;B
20240129;101121;164.350000000;500;9473361146;S
20240129;101121;164.370000000;90;9473361164;B
20240129;101121;164.380000000;10;9473361165;B
20240129;101122;164.380000000;190;9473361306;B
20240129;101123;164.380000000;10;9473361453;S
20240129;101123;164.400000000;90;9473361525;B
20240129;101124;164.380000000;200;9473361551;S
20240129;101125;164.380000000;1820;9473361824;S
20240129;101126;164.380000000;10;9473361870;B
20240129;101127;164.370000000;10;9473361967;B
20240129;101127;164.340000000;100;9473361968;S
20240129;101127;164.370000000;610;9473362067;B
20240129;101127;164.380000000;10;9473362069;B
20240129;101130;164.380000000;10;9473362353;B
20240129;101130;164.380000000;190;9473362356;B
20240129;101130;164.390000000;1000;9473362357;B
20240129;101130;164.390000000;800;9473362358;B
20240129;101130;164.400000000;800;9473362359;B
20240129;101130;164.400000000;2210;9473362360;B
20240129;101130;164.400000000;200;9473362469;B
20240129;101131;164.400000000;10;9473362549;B
20240129;101131;164.400000000;610;9473362572;B
20240129;101131;164.400000000;20;9473362573;B
20240129;101131;164.400000000;10;9473362574;B
20240129;101131;164.400000000;2000;9473362575;B
20240129;101133;164.400000000;10;9473362802;S
20240129;101134;164.400000000;10;9473362946;S
20240129;101136;164.400000000;3000;9473363398;S
20240129;101138;164.410000000;10;9473363674;B
20240129;101141;164.400000000;60;9473364069;S
20240129;101141;164.410000000;80;9473364079;B
20240129;101141;164.410000000;20;9473364080;B
20240129;101141;164.410000000;30;9473364081;B
20240129;101141;164.410000000;200;9473364082;B
20240129;101142;164.420000000;10;9473364148;B
20240129;101142;164.410000000;770;9473364198;S
20240129;101142;164.400000000;140;9473364199;S
20240129;101142;164.400000000;2310;9473364200;S
20240129;101142;164.400000000;10;9473364201;S
20240129;101142;164.400000000;1110;9473364202;S
20240129;101143;164.390000000;400;9473364295;B
20240129;101143;164.390000000;500;9473364337;B
20240129;101143;164.390000000;100;9473364338;B
20240129;101143;164.390000000;160;9473364339;B
20240129;101143;164.400000000;100;9473364340;B
20240129;101143;164.400000000;200;9473364341;B
20240129;101143;164.420000000;190;9473364342;B
20240129;101143;164.420000000;10;9473364343;B
20240129;101143;164.430000000;200;9473364344;B
20240129;101143;164.440000000;10;9473364345;B
20240129;101143;164.440000000;200;9473364346;B
20240129;101143;164.440000000;20;9473364347;B
20240129;101143;164.440000000;10;9473364348;B
20240129;101143;164.450000000;10;9473364351;B
20240129;101143;164.450000000;10;9473364352;B
20240129;101143;164.450000000;140;9473364353;B
20240129;101143;164.450000000;60;9473364382;B
20240129;101143;164.450000000;50;9473364383;B
20240129;101143;164.460000000;190;9473364384;B
20240129;101144;164.460000000;1000;9473364436;B
20240129;101144;164.460000000;500;9473364463;B
20240129;101144;164.450000000;60;9473364464;S
20240129;101144;164.450000000;20;9473364525;S
20240129;101145;164.450000000;10;9473364576;S
20240129;101145;164.460000000;500;9473364649;B
20240129;101145;164.460000000;1000;9473364660;B
20240129;101145;164.460000000;810;9473364665;B
20240129;101145;164.460000000;20;9473364666;B
20240129;101145;164.460000000;10;9473364667;B
20240129;101145;164.470000000;500;9473364668;B
20240129;101145;164.470000000;28660;9473364669;B
20240129;101145;164.470000000;490;9473364670;B
20240129;101146;164.470000000;30;9473364803;B
20240129;101151;164.460000000;300;9473365422;S
20240129;101151;164.460000000;1000;9473365423;S
20240129;101151;164.420000000;1000;9473365424;S
20240129;101151;164.410000000;10;9473365425;S
20240129;101151;164.410000000;4690;9473365426;S
20240129;101151;164.440000000;460;9473365452;B
20240129;101151;164.440000000;10;9473365465;B
20240129;101153;164.440000000;100;9473365668;B
20240129;101155;164.440000000;330;9473366093;B
20240129;101157;164.410000000;150;9473366478;S
20240129;101158;164.460000000;10;9473366621;B
20240129;101158;164.460000000;150;9473366746;B
20240129;101159;164.460000000;10;9473366806;B
20240129;101201;164.460000000;2240;9473367386;B
20240129;101201;164.460000000;200;9473367387;B
20240129;101201;164.460000000;90;9473367388;B
20240129;101202;164.460000000;800;9473367538;S
20240129;101202;164.460000000;580;9473367539;S
20240129;101203;164.450000000;10;9473367692;S
20240129;101203;164.430000000;10;9473367693;S
20240129;101203;164.410000000;10;9473367694;S
20240129;101203;164.410000000;10;9473367695;S
20240129;101204;164.440000000;1000;9473367936;B
20240129;101205;164.440000000;50;9473367972;B
20240129;101206;164.440000000;100;9473368123;B
20240129;101206;164.400000000;1000;9473368129;S
20240129;101207;164.400000000;10;9473368365;S
20240129;101209;164.430000000;60;9473368936;B
20240129;101210;164.400000000;800;9473369085;S
20240129;101210;164.410000000;10;9473369245;B
20240129;101213;164.420000000;1000;9473369897;B
20240129;101213;164.440000000;20;9473369941;B
20240129;101214;164.440000000;200;9473370129;B
20240129;101214;164.410000000;10;9473370138;S
20240129;101214;164.410000000;20;9473370139;S
20240129;101216;164.440000000;200;9473370562;B
20240129;101216;164.410000000;480;9473370588;S
20240129;101216;164.400000000;110;9473370589;S
20240129;101217;164.430000000;1000;9473370648;B
20240129;101218;164.430000000;40;9473370806;B
20240129;101218;164.440000000;260;9473370807;B
20240129;101220;164.440000000;50;9473371038;B
20240129;101224;164.440000000;10;9473371678;B
20240129;101225;164.430000000;1220;9473371788;S
20240129;101225;164.430000000;780;9473371789;S
20240129;101229;164.430000000;390;9473372503;S
20240129;101229;164.440000000;50;9473372578;B
20240129;101230;164.440000000;20;9473372681;B
20240129;101231;164.440000000;10;9473372903;B
20240129;101232;164.440000000;1720;9473373275;S
20240129;101234;164.450000000;10;9473373539;B
20240129;101234;164.450000000;190;9473373619;B
20240129;101234;164.460000000;10;9473373620;B
20240129;101238;164.450000000;40;9473374134;S
20240129;101239;164.450000000;2000;9473374350;S
20240129;101241;164.460000000;10;9473374553;B
20240129;101243;164.440000000;130;9473375004;S
20240129;101243;164.440000000;10;9473375005;S
20240129;101243;164.440000000;10;9473375006;S
20240129;101243;164.440000000;10;9473375007;S
20240129;101243;164.430000000;240;9473375008;S
20240129;101245;164.460000000;10;9473375260;B
20240129;101245;164.460000000;90;9473375261;B
20240129;101245;164.460000000;100;9473375262;B
20240129;101245;164.460000000;500;9473375263;B
20240129;101245;164.460000000;1000;9473375264;B
