<DATE>;<TIME>;<LAST>;<VOL>;<ID>;<OPER>
20240126;095946;165.650000000;10;9468463487;S
20240126;095946;165.650000000;10;9468463488;S
20240126;095946;165.650000000;20;9468463489;S
20240126;095946;165.650000000;90;9468463490;S
20240126;095946;165.650000000;10;9468463491;S
20240126;095946;165.650000000;360;9468463492;S
20240126;095946;165.650000000;20;9468463493;S
20240126;095946;165.650000000;150;9468463494;S
20240126;095946;165.650000000;10;9468463495;S
20240126;095946;165.650000000;170;9468463496;S
20240126;095946;165.650000000;70;9468463497;S
20240126;095946;165.650000000;220;9468463498;S
20240126;095946;165.650000000;20;9468463499;S
20240126;095946;165.650000000;20;9468463500;S
20240126;095946;165.650000000;20;9468463501;S
20240126;095946;165.650000000;20;9468463502;S
20240126;095946;165.650000000;20;9468463503;S
20240126;095946;165.650000000;10;9468463504;S
20240126;095946;165.650000000;30;9468463505;S
20240126;095946;165.650000000;10;9468463506;S
20240126;095946;165.650000000;10;9468463507;B
20240126;095946;165.650000000;10;9468463508;B
20240126;095946;165.650000000;30;9468463509;B
20240126;095946;165.650000000;10;9468463510;B
20240126;095946;165.650000000;40;9468463511;S
20240126;095946;165.650000000;40;9468463512;S
20240126;095946;165.650000000;10;9468463513;S
20240126;095946;165.650000000;250;9468463514;S
20240126;095946;165.650000000;10;9468463515;S
20240126;095946;165.650000000;90;9468463516;S
20240126;095946;165.650000000;10;9468463517;S
20240126;095946;165.650000000;160;9468463518;S
20240126;095946;165.650000000;10;9468463519;S
20240126;095946;165.650000000;10;9468463520;S
20240126;095946;165.650000000;80;9468463521;S
20240126;095946;165.650000000;10;9468463522;S
20240126;095946;165.650000000;50;9468463523;S
20240126;095946;165.650000000;10;9468463524;S
20240126;095946;165.650000000;20;9468463525;S
20240126;095946;165.650000000;10;9468463526;S
20240126;095946;165.650000000;10;9468463527;S
20240126;095946;165.650000000;10;9468463528;S
20240126;095946;165.650000000;200;9468463529;S
20240126;095946;165.650000000;20;9468463530;S
20240126;095946;165.650000000;200;9468463531;S
20240126;095946;165.650000000;90;9468463532;S
20240126;095946;165.650000000;30;9468463533;S
20240126;095946;165.650000000;10;9468463534;S
20240126;095946;165.650000000;150;9468463535;S
20240126;095946;165.650000000;3510;9468463536;B
20240126;095946;165.650000000;50;9468463537;B
20240126;095946;165.650000000;10;9468463538;B
20240126;095946;165.650000000;10;9468463539;B
20240126;095946;165.650000000;10;9468463540;B
20240126;095946;165.650000000;10;9468463541;B
20240126;095946;165.650000000;20;9468463542;B
20240126;095946;165.650000000;10;9468463543;B
20240126;095946;165.650000000;920;9468463544;B
20240126;095946;165.650000000;60;9468463545;B
20240126;095946;165.650000000;30;9468463546;B
20240126;095946;165.650000000;10;9468463547;B
20240126;095946;165.650000000;10;9468463548;B
20240126;095946;165.650000000;20;9468463549;B
20240126;095946;165.650000000;5000;9468463550;B
20240126;095946;165.650000000;320;9468463551;B
20240126;095946;165.650000000;80;9468463552;B
20240126;095946;165.650000000;170;9468463553;B
20240126;095946;165.650000000;40;9468463554;B
20240126;095946;165.650000000;30;9468463555;B
20240126;095946;165.650000000;780;9468463556;B
20240126;095946;165.650000000;10;9468463557;B
20240126;095946;165.650000000;100;9468463558;B
20240126;095946;165.650000000;20;9468463559;B
20240126;095946;165.650000000;10;9468463560;S
20240126;095946;165.650000000;10;9468463561;S
20240126;095946;165.650000000;10;9468463562;S
20240126;095946;165.650000000;20;9468463563;B
20240126;095946;165.650000000;60;9468463564;B
20240126;095946;165.650000000;500;9468463565;B
20240126;095946;165.650000000;500;9468463566;B
20240126;095946;165.650000000;500;9468463567;B
20240126;095946;165.650000000;240;9468463568;B
20240126;095946;165.650000000;10;9468463569;B
20240126;095946;165.650000000;10;9468463570;B
20240126;095946;165.650000000;240;9468463571;B
20240126;095946;165.650000000;100;9468463572;B
20240126;095946;165.650000000;4000;9468463573;B
20240126;095946;165.650000000;10;9468463574;B
20240126;095946;165.650000000;1230;9468463575;B
20240126;100000;165.660000000;10;9468469577;B
20240126;100000;165.690000000;300;9468469604;B
20240126;100000;165.690000000;900;9468469605;B
20240126;100000;165.690000000;300;9468469620;B
20240126;100000;165.690000000;600;9468469621;B
20240126;100000;165.690000000;1900;9468469625;B
20240126;100000;165.690000000;100;9468469633;B
20240126;100000;165.690000000;900;9468469634;B
20240126;100000;165.730000000;10;9468469887;B
20240126;100000;165.760000000;10;9468469906;B
20240126;100000;165.780000000;180;9468469947;B
20240126;100000;165.780000000;300;9468469950;B
20240126;100000;165.780000000;20;9468469951;B
20240126;100000;165.780000000;180;9468469952;B
20240126;100000;165.780000000;200;9468469954;B
20240126;100000;165.780000000;100;9468469957;B
20240126;100001;165.780000000;20;9468471191;B
20240126;100001;165.780000000;60;9468471193;S
20240126;100001;165.780000000;140;9468471194;S
20240126;100001;165.780000000;200;9468471195;S
20240126;100001;165.780000000;200;9468471196;S
20240126;100001;165.780000000;200;9468471197;S
20240126;100001;165.780000000;100;9468471198;S
20240126;100001;165.780000000;100;9468471199;S
20240126;100001;165.790000000;200;9468471202;B
20240126;100001;165.790000000;300;9468471203;B
20240126;100001;165.790000000;300;9468471207;B
20240126;100001;165.790000000;500;9468471208;B
20240126;100001;165.790000000;700;9468471209;B
20240126;100001;165.790000000;300;9468471211;B
20240126;100001;165.790000000;100;9468471213;B
20240126;100001;165.790000000;30;9468471219;S
20240126;100001;165.800000000;50;9468471232;B
20240126;100001;165.810000000;10;9468471393;B
20240126;100001;165.840000000;10;9468471394;B
20240126;100001;165.830000000;100;9468471596;S
20240126;100001;165.830000000;210;9468471597;S
20240126;100001;165.830000000;2110;9468471598;S
20240126;100001;165.830000000;1000;9468471599;S
20240126;100001;165.830000000;580;9468471600;S
20240126;100002;165.840000000;80;9468471685;B
20240126;100002;165.840000000;410;9468471751;B
20240126;100002;165.840000000;200;9468471752;B
20240126;100002;165.840000000;200;9468471753;B
20240126;100002;165.840000000;100;9468471754;B
20240126;100002;165.840000000;100;9468471755;B
20240126;100002;165.840000000;200;9468471756;B
20240126;100002;165.850000000;10;9468471773;B
20240126;100002;165.860000000;10;9468471774;B
20240126;100002;165.860000000;150;9468471775;B
20240126;100002;165.860000000;10;9468471958;B
20240126;100002;165.850000000;300;9468472380;S
20240126;100002;165.850000000;1000;9468472381;S
20240126;100002;165.850000000;220;9468472382;S
20240126;100002;165.850000000;1000;9468472383;S
20240126;100002;165.850000000;800;9468472384;S
20240126;100002;165.850000000;1000;9468472385;S
20240126;100002;165.850000000;800;9468472386;S
20240126;100002;165.850000000;1000;9468472387;S
20240126;100002;165.850000000;100;9468472388;S
20240126;100002;165.850000000;800;9468472389;S
20240126;100002;165.850000000;100;9468472390;S
20240126;100002;165.850000000;800;9468472391;S
20240126;100002;165.850000000;100;9468472392;S
20240126;100002;165.850000000;300;9468472393;S
20240126;100002;165.850000000;100;9468472394;S
20240126;100002;165.850000000;500;9468472395;S
20240126;100002;165.850000000;100;9468472396;S
20240126;100002;165.850000000;300;9468472397;S
20240126;100002;165.850000000;400;9468472398;S
20240126;100002;165.850000000;100;9468472399;S
20240126;100002;165.840000000;180;9468472400;S
20240126;100003;165.860000000;80;9468472471;B
20240126;100003;165.850000000;300;9468472473;B
20240126;100003;165.860000000;600;9468472474;B
20240126;100003;165.850000000;300;9468472476;B
20240126;100003;165.860000000;160;9468472477;B
20240126;100003;165.860000000;100;9468472479;S
20240126;100003;165.860000000;40;9468472480;S
20240126;100003;165.860000000;160;9468472481;S
20240126;100003;165.860000000;200;9468472482;S
20240126;100003;165.860000000;40;9468472664;S
20240126;100003;165.860000000;200;9468472665;S
20240126;100003;165.880000000;10;9468472704;B
20240126;100003;165.880000000;20;9468472705;B
20240126;100003;165.890000000;10;9468472706;B
20240126;100003;165.890000000;200;9468472707;B
20240126;100004;165.880000000;300;9468473248;B
20240126;100004;165.890000000;800;9468473249;B
20240126;100004;165.890000000;200;9468473251;S
20240126;100004;165.890000000;200;9468473252;S
20240126;100004;165.890000000;100;9468473253;S
20240126;100004;165.890000000;200;9468473254;S
20240126;100004;165.890000000;200;9468473255;S
20240126;100004;165.890000000;100;9468473256;S
20240126;100004;165.890000000;200;9468473259;S
20240126;100004;165.890000000;100;9468473388;S
20240126;100004;165.890000000;110;9468473560;S
20240126;100004;165.900000000;100;9468473611;B
20240126;100004;165.900000000;60;9468473612;B
20240126;100004;165.900000000;20;9468473616;B
20240126;100004;165.900000000;10;9468473618;B
20240126;100004;165.890000000;10;9468473620;S
20240126;100004;165.900000000;10;9468473621;B
20240126;100005;165.890000000;100;9468474135;B
20240126;100005;165.890000000;200;9468474136;B
20240126;100005;165.900000000;1250;9468474137;B
20240126;100005;165.890000000;280;9468474138;B
20240126;100005;165.890000000;20;9468474139;B
20240126;100005;165.900000000;80;9468474140;B
20240126;100005;165.890000000;300;9468474141;B
20240126;100005;165.900000000;600;9468474142;B
20240126;100005;165.890000000;300;9468474143;B
20240126;100005;165.900000000;1070;9468474144;B
20240126;100005;165.900000000;50;9468474145;B
20240126;100005;165.900000000;10;9468474146;B
20240126;100005;165.900000000;70;9468474147;B
20240126;100005;165.900000000;1500;9468474148;B
20240126;100005;165.890000000;300;9468474149;B
20240126;100005;165.900000000;430;9468474150;B
20240126;100005;165.900000000;170;9468474151;B
20240126;100005;165.900000000;300;9468474168;S
20240126;100005;165.900000000;200;9468474169;S
20240126;100005;165.900000000;100;9468474170;S
20240126;100005;165.900000000;100;9468474171;S
20240126;100005;165.910000000;10;9468474485;B
20240126;100005;165.900000000;70;9468474537;S
20240126;100005;165.910000000;20;9468474538;B
20240126;100005;165.900000000;20;9468474775;S
20240126;100005;165.900000000;30;9468474791;S
20240126;100005;165.900000000;10;9468475098;S
20240126;100005;165.910000000;10;9468475113;B
20240126;100005;165.900000000;170;9468475116;S
20240126;100005;165.900000000;20;9468475122;S
20240126;100005;165.910000000;10;9468475123;B
20240126;100005;165.900000000;10;9468475126;S
20240126;100005;165.910000000;210;9468475160;B
20240126;100005;165.900000000;70;9468475164;S
20240126;100005;165.890000000;100;9468475165;S
20240126;100005;165.890000000;900;9468475166;S
20240126;100005;165.840000000;210;9468475167;S
20240126;100005;165.840000000;300;9468475168;S
20240126;100005;165.830000000;210;9468475169;S
20240126;100005;165.820000000;210;9468475170;S
20240126;100005;165.810000000;210;9468475171;S
20240126;100005;165.800000000;210;9468475172;S
20240126;100005;165.800000000;580;9468475173;S
20240126;100005;165.800000000;20;9468475175;S
20240126;100005;165.800000000;50;9468475181;S
20240126;100005;165.900000000;10;9468475185;B
20240126;100005;165.900000000;10;9468475186;B
20240126;100005;165.800000000;10;9468475236;S
20240126;100005;165.800000000;10;9468475247;S
20240126;100005;165.800000000;10;9468475249;S
20240126;100005;165.890000000;10;9468475508;B
20240126;100005;165.870000000;10;9468475724;B
20240126;100005;165.810000000;10;9468475727;S
20240126;100005;165.850000000;20;9468475901;B
20240126;100005;165.850000000;10;9468475902;B
20240126;100005;165.850000000;10;9468475904;B
20240126;100005;165.850000000;10;9468475906;B
20240126;100005;165.850000000;10;9468475908;B
20240126;100005;165.850000000;10;9468475911;B
20240126;100005;165.850000000;10;9468475913;B
20240126;100006;165.800000000;10;9468475981;S
20240126;100006;165.800000000;10;9468475986;S
20240126;100006;165.850000000;20;9468475987;B
20240126;100006;165.850000000;10;9468476286;B
20240126;100006;165.850000000;10;9468476288;B
20240126;100006;165.850000000;10;9468476289;B
20240126;100006;165.800000000;120;9468476290;S
20240126;100006;165.800000000;30;9468476291;S
20240126;100006;165.850000000;800;9468476396;B
20240126;100006;165.800000000;40;9468476487;S
20240126;100006;165.800000000;210;9468476488;S
20240126;100006;165.850000000;10;9468476673;B
20240126;100006;165.850000000;10;9468476674;B
20240126;100006;165.800000000;10;9468476675;S
20240126;100006;165.800000000;80;9468476837;S
20240126;100006;165.800000000;50;9468476838;S
20240126;100006;165.850000000;20;9468477036;B
20240126;100006;165.800000000;10;9468477037;S
20240126;100006;165.850000000;10;9468477038;B
20240126;100006;165.850000000;2000;9468477201;B
20240126;100006;165.850000000;10;9468477228;B
20240126;100006;165.850000000;20;9468477229;B
20240126;100007;165.780000000;210;9468477358;S
20240126;100007;165.780000000;300;9468477359;S
20240126;100007;165.780000000;3990;9468477360;S
20240126;100007;165.850000000;10;9468477539;B
20240126;100007;165.850000000;20;9468477540;B
20240126;100007;165.850000000;10;9468477541;B
20240126;100007;165.850000000;3050;9468477737;B
20240126;100007;165.850000000;1000;9468477738;B
20240126;100007;165.850000000;300;9468477739;B
20240126;100007;165.860000000;1000;9468477740;B
20240126;100007;165.870000000;200;9468477741;B
20240126;100007;165.870000000;450;9468477742;B
20240126;100007;165.870000000;10;9468477743;B
20240126;100007;165.790000000;10;9468477744;S
20240126;100007;165.890000000;10;9468477745;B
20240126;100007;165.890000000;20;9468477746;B
20240126;100007;165.850000000;10;9468477843;B
20240126;100007;165.850000000;10;9468477844;B
20240126;100007;165.850000000;50;9468477845;B
20240126;100007;165.850000000;20;9468477846;B
20240126;100007;165.790000000;10;9468477847;S
20240126;100007;165.790000000;10;9468477848;S
20240126;100007;165.790000000;10;9468477849;S
20240126;100007;165.900000000;10;9468477850;B
20240126;100008;165.850000000;10;9468478335;B
20240126;100008;165.850000000;10;9468478336;B
20240126;100008;165.790000000;30;9468478337;S
20240126;100008;165.790000000;100;9468478338;S
20240126;100008;165.790000000;40;9468478653;S
20240126;100008;165.790000000;300;9468478654;S
20240126;100008;165.780000000;2860;9468478655;S
20240126;100008;165.780000000;210;9468478656;S
20240126;100008;165.780000000;1000;9468478657;S
20240126;100008;165.770000000;210;9468478658;S
20240126;100008;165.760000000;210;9468478659;S
20240126;100008;165.760000000;2110;9468478660;S
20240126;100008;165.760000000;80;9468478661;S
20240126;100008;165.750000000;80;9468478662;S
20240126;100010;165.800000000;170;9468479030;B
20240126;100010;165.810000000;10;9468479080;B
20240126;100010;165.750000000;130;9468479118;S
20240126;100010;165.750000000;200;9468479119;S
20240126;100010;165.800000000;80;9468479133;B
20240126;100010;165.800000000;10;9468479195;B
20240126;100010;165.800000000;10;9468479331;B
20240126;100010;165.810000000;140;9468479343;B
20240126;100010;165.810000000;200;9468479363;B
20240126;100010;165.810000000;10;9468479392;B
20240126;100011;165.810000000;30;9468479478;B
20240126;100012;165.760000000;210;9468479958;S
20240126;100012;165.750000000;210;9468479959;S
20240126;100012;165.750000000;580;9468479960;S
20240126;100013;165.810000000;100;9468480131;B
20240126;100013;165.810000000;100;9468480132;B
20240126;100013;165.810000000;100;9468480133;B
20240126;100013;165.810000000;50;9468480134;B
20240126;100014;165.840000000;300;9468480230;B
20240126;100014;165.840000000;100;9468480231;B
20240126;100014;165.840000000;350;9468480232;B
20240126;100015;165.820000000;10;9468480654;S
20240126;100015;165.810000000;10;9468480655;S
20240126;100015;165.800000000;300;9468480656;S
20240126;100015;165.800000000;50;9468480657;S
20240126;100015;165.790000000;130;9468480658;S
20240126;100016;165.770000000;2930;9468480736;S
20240126;100016;165.770000000;210;9468480737;S
20240126;100016;165.760000000;210;9468480738;S
20240126;100016;165.760000000;300;9468480739;S
20240126;100016;165.750000000;210;9468480740;S
20240126;100016;165.750000000;2000;9468480741;S
20240126;100016;165.740000000;210;9468480742;S
20240126;100016;165.740000000;2000;9468480743;S
20240126;100016;165.740000000;1000;9468480744;S
20240126;100016;165.730000000;210;9468480745;S
20240126;100016;165.720000000;210;9468480746;S
20240126;100016;165.720000000;120;9468480747;S
20240126;100016;165.710000000;210;9468480748;S
20240126;100016;165.710000000;2110;9468480749;S
20240126;100016;165.710000000;1820;9468480750;S
20240126;100016;165.700000000;210;9468480751;S
20240126;100016;165.700000000;140;9468480752;S
20240126;100016;165.730000000;200;9468480821;S
20240126;100016;165.760000000;20;9468480904;B
20240126;100017;165.760000000;20;9468480957;B
20240126;100017;165.760000000;10;9468481062;B
20240126;100017;165.730000000;10;9468481269;S
20240126;100017;165.730000000;10;9468481270;S
20240126;100018;165.740000000;210;9468481429;S
20240126;100018;165.730000000;40;9468481430;S
20240126;100018;165.730000000;210;9468481431;S
20240126;100018;165.720000000;210;9468481432;S
20240126;100018;165.720000000;2000;9468481433;S
20240126;100018;165.710000000;210;9468481434;S
20240126;100018;165.710000000;1120;9468481435;S
20240126;100018;165.760000000;30;9468481444;B
20240126;100019;165.730000000;50;9468481675;B
20240126;100019;165.730000000;30;9468481703;B
20240126;100019;165.730000000;20;9468481754;B
20240126;100020;165.720000000;220;9468481928;S
20240126;100020;165.720000000;210;9468481929;S
20240126;100021;165.720000000;10;9468482333;B
20240126;100021;165.730000000;400;9468482367;B
20240126;100021;165.750000000;250;9468482368;B
20240126;100021;165.750000000;4350;9468482369;B
20240126;100023;165.720000000;10;9468482640;S
20240126;100023;165.720000000;80;9468482677;S
20240126;100023;165.730000000;300;9468482683;B
20240126;100023;165.760000000;10;9468482747;B
20240126;100023;165.760000000;200;9468482779;S
20240126;100023;165.760000000;200;9468482780;S
20240126;100023;165.760000000;100;9468482781;S
20240126;100024;165.770000000;300;9468482959;S
20240126;100024;165.760000000;4700;9468482960;S
20240126;100025;165.760000000;330;9468483057;S
20240126;100025;165.780000000;100;9468483096;B
20240126;100025;165.800000000;2950;9468483097;B
20240126;100025;165.800000000;300;9468483098;B
20240126;100025;165.810000000;2110;9468483099;B
20240126;100025;165.820000000;2540;9468483100;B
20240126;100025;165.820000000;600;9468483103;B
20240126;100026;165.770000000;10;9468483473;S
20240126;100029;165.780000000;120;9468484287;B
20240126;100030;165.780000000;10;9468484579;B
20240126;100033;165.780000000;20;9468485214;B
20240126;100033;165.780000000;350;9468485298;B
20240126;100033;165.780000000;500;9468485299;B
20240126;100033;165.780000000;500;9468485300;B
20240126;100033;165.810000000;90;9468485301;B
20240126;100034;165.780000000;300;9468485478;S
20240126;100034;165.770000000;210;9468485479;S
20240126;100034;165.760000000;290;9468485480;S
20240126;100034;165.770000000;10;9468485489;S
20240126;100035;165.820000000;40;9468485787;B
20240126;100036;165.820000000;10;9468485895;B
20240126;100036;165.760000000;100;9468485898;S
20240126;100036;165.820000000;20;9468485909;B
20240126;100036;165.760000000;140;9468485936;S
20240126;100036;165.770000000;10;9468485999;S
20240126;100037;165.770000000;100;9468486118;S
20240126;100038;165.820000000;10;9468486377;B
20240126;100038;165.760000000;500;9468486381;S
20240126;100039;165.820000000;60;9468486471;B
20240126;100039;165.800000000;10;9468486521;S
20240126;100039;165.800000000;10;9468486559;S
20240126;100040;165.820000000;230;9468486716;B
20240126;100040;165.820000000;60;9468486717;B
20240126;100040;165.820000000;200;9468486718;B
20240126;100040;165.810000000;300;9468486719;B
20240126;100040;165.800000000;70;9468486907;S
20240126;100041;165.810000000;10;9468487049;B
20240126;100041;165.810000000;20;9468487089;B
20240126;100041;165.800000000;10;9468487090;S
20240126;100042;165.800000000;20;9468487319;S
20240126;100043;165.810000000;10;9468487667;B
20240126;100044;165.800000000;30;9468487755;S
20240126;100044;165.770000000;10;9468487756;S
20240126;100044;165.760000000;60;9468487757;S
20240126;100044;165.810000000;100;9468487788;B
20240126;100046;165.810000000;360;9468488239;B
20240126;100046;165.810000000;2110;9468488240;B
20240126;100046;165.810000000;1500;9468488241;B
20240126;100047;165.840000000;20;9468488481;B
20240126;100048;165.820000000;10;9468488792;S
20240126;100050;165.840000000;50;9468489082;B
20240126;100050;165.820000000;100;9468489169;S
20240126;100054;165.840000000;10;9468490023;B
20240126;100055;165.840000000;10;9468490224;B
20240126;100056;165.830000000;10;9468490272;S
20240126;100056;165.840000000;1910;9468490455;B
20240126;100056;165.840000000;30;9468490456;B
20240126;100056;165.840000000;3060;9468490457;B
20240126;100058;165.830000000;890;9468490745;S
20240126;100058;165.830000000;600;9468490746;S
20240126;100058;165.830000000;300;9468490747;S
20240126;100058;165.820000000;1920;9468490748;S
20240126;100058;165.820000000;4290;9468490749;S
20240126;100058;165.840000000;940;9468490779;B
20240126;100058;165.850000000;10;9468490786;B
20240126;100059;165.840000000;4000;9468490873;S
20240126;100059;165.850000000;10;9468491015;B
20240126;100059;165.840000000;60;9468491038;S
20240126;100059;165.840000000;2000;9468491039;S
20240126;100100;165.840000000;600;9468491105;B
20240126;100100;165.840000000;1340;9468491109;B
20240126;100100;165.850000000;2090;9468491112;B
20240126;100100;165.850000000;30;9468491137;S
20240126;100101;165.860000000;250;9468491389;B
20240126;100101;165.860000000;30;9468491390;B
20240126;100102;165.870000000;1380;9468491596;B
20240126;100102;165.870000000;400;9468491597;B
20240126;100102;165.870000000;480;9468491600;B
20240126;100107;165.850000000;20;9468492516;S
20240126;100107;165.870000000;760;9468492666;B
20240126;100107;165.880000000;270;9468492667;B
20240126;100108;165.870000000;50;9468492840;B
20240126;100109;165.850000000;70;9468492993;S
20240126;100110;165.870000000;60;9468493052;B
20240126;100110;165.870000000;300;9468493141;B
20240126;100110;165.850000000;400;9468493163;S
20240126;100110;165.870000000;3590;9468493187;B
20240126;100110;165.870000000;2000;9468493188;B
20240126;100110;165.880000000;230;9468493189;B
20240126;100110;165.880000000;10;9468493190;B
20240126;100110;165.880000000;500;9468493191;S
20240126;100110;165.880000000;200;9468493192;S
20240126;100110;165.870000000;300;9468493193;B
20240126;100110;165.870000000;200;9468493194;B
20240126;100110;165.870000000;300;9468493195;B
20240126;100112;165.870000000;300;9468493647;B
20240126;100112;165.870000000;60;9468493655;B
20240126;100115;165.860000000;300;9468493912;S
20240126;100115;165.860000000;200;9468493913;S
20240126;100115;165.860000000;300;9468493914;S
20240126;100115;165.860000000;10;9468493915;B
20240126;100115;165.850000000;320;9468493953;S
20240126;100116;165.860000000;280;9468494064;B
20240126;100116;165.870000000;140;9468494065;B
20240126;100116;165.870000000;4000;9468494246;S
20240126;100117;165.890000000;10;9468494317;B
20240126;100118;165.890000000;10;9468494462;B
20240126;100120;165.870000000;130;9468494906;S
20240126;100121;165.890000000;30;9468495105;B
20240126;100122;165.890000000;10;9468495215;B
20240126;100124;165.870000000;450;9468495531;S
20240126;100124;165.860000000;10;9468495532;S
20240126;100125;165.860000000;20;9468495874;B
20240126;100127;165.860000000;20;9468496330;B
20240126;100127;165.860000000;50;9468496331;B
20240126;100128;165.850000000;80;9468496427;S
20240126;100128;165.850000000;20;9468496428;S
20240126;100128;165.850000000;100;9468496429;S
20240126;100128;165.840000000;10;9468496430;S
20240126;100128;165.830000000;200;9468496431;S
20240126;100128;165.830000000;140;9468496432;S
20240126;100129;165.870000000;70;9468496675;B
20240126;100131;165.870000000;1750;9468496967;B
20240126;100131;165.880000000;100;9468496968;B
20240126;100131;165.880000000;780;9468496969;B
20240126;100131;165.880000000;1000;9468496970;B
20240126;100131;165.890000000;440;9468496971;B
20240126;100131;165.890000000;250;9468496972;B
20240126;100131;165.890000000;1000;9468496973;B
20240126;100131;165.890000000;300;9468496974;B
20240126;100131;165.900000000;380;9468496975;B
20240126;100132;165.830000000;190;9468497277;S
20240126;100132;165.830000000;210;9468497278;S
20240126;100132;165.820000000;10;9468497279;S
20240126;100132;165.820000000;1090;9468497280;S
20240126;100133;165.880000000;60;9468497310;B
20240126;100134;165.890000000;20;9468497527;B
20240126;100136;165.860000000;90;9468497723;S
20240126;100136;165.850000000;410;9468497724;S
20240126;100137;165.860000000;100;9468497843;S
20240126;100139;165.870000000;50;9468498198;S
20240126;100139;165.860000000;50;9468498199;S
20240126;100142;165.860000000;20;9468498921;S
20240126;100142;165.890000000;50;9468499073;B
20240126;100142;165.890000000;80;9468499074;B
20240126;100148;165.880000000;10;9468500413;B
20240126;100149;165.880000000;2000;9468500573;B
20240126;100149;165.860000000;500;9468500663;S
20240126;100154;165.870000000;10;9468501469;B
20240126;100155;165.870000000;100;9468501882;B
20240126;100156;165.870000000;10;9468502043;B
20240126;100200;165.870000000;20;9468502731;B
20240126;100201;165.870000000;10;9468502930;B
20240126;100202;165.860000000;500;9468503107;S
20240126;100203;165.870000000;3860;9468503254;B
20240126;100203;165.870000000;10;9468503255;B
20240126;100203;165.870000000;130;9468503256;B
20240126;100203;165.870000000;200;9468503261;B
20240126;100204;165.870000000;1820;9468503370;B
20240126;100204;165.860000000;900;9468503446;S
20240126;100205;165.870000000;10;9468503481;B
20240126;100207;165.880000000;200;9468503808;B
20240126;100212;165.880000000;300;9468504615;B
20240126;100212;165.880000000;140;9468504616;B
20240126;100212;165.880000000;4560;9468504617;B
20240126;100213;165.880000000;440;9468504623;B
20240126;100213;165.880000000;560;9468504624;B
20240126;100214;165.890000000;230;9468504910;B
20240126;100214;165.890000000;10;9468504911;B
20240126;100214;165.900000000;2320;9468504912;B
20240126;100214;165.900000000;460;9468504913;B
20240126;100214;165.900000000;10;9468504914;B
20240126;100214;165.900000000;10;9468504915;B
20240126;100214;165.900000000;1210;9468504916;B
20240126;100214;165.910000000;1460;9468504917;B
20240126;100215;165.900000000;50;9468505117;S
20240126;100216;165.900000000;300;9468505235;S
20240126;100216;165.890000000;600;9468505236;S
20240126;100218;165.910000000;600;9468505540;B
20240126;100218;165.910000000;380;9468505699;B
20240126;100218;165.920000000;10;9468505700;B
20240126;100218;165.920000000;10;9468505701;B
20240126;100218;165.920000000;20;9468505702;B
20240126;100218;165.930000000;10;9468505703;B
20240126;100218;165.930000000;20;9468505704;B
20240126;100218;165.940000000;20;9468505705;B
20240126;100218;165.940000000;10;9468505706;B
20240126;100218;165.940000000;500;9468505707;B
20240126;100218;165.950000000;20;9468505708;B
20240126;100220;165.930000000;10;9468505869;S
20240126;100221;165.930000000;20;9468505956;S
20240126;100221;165.930000000;300;9468506021;S
20240126;100222;165.950000000;30;9468506124;B
20240126;100222;165.950000000;970;9468506125;B
20240126;100223;165.930000000;100;9468506248;S
20240126;100223;165.950000000;20;9468506293;B
20240126;100223;165.950000000;770;9468506321;B
20240126;100223;165.930000000;1570;9468506336;S
20240126;100223;165.920000000;300;9468506337;S
20240126;100223;165.900000000;20;9468506338;S
20240126;100223;165.890000000;210;9468506339;S
20240126;100223;165.890000000;1820;9468506340;S
20240126;100223;165.890000000;1000;9468506341;S
20240126;100223;165.890000000;2000;9468506342;S
20240126;100223;165.890000000;1500;9468506345;B
20240126;100223;165.880000000;480;9468506346;S
20240126;100223;165.880000000;20;9468506347;S
20240126;100223;165.880000000;500;9468506348;S
20240126;100223;165.880000000;500;9468506349;S
20240126;100223;165.890000000;300;9468506350;B
20240126;100223;165.880000000;500;9468506351;S
20240126;100223;165.880000000;480;9468506352;S
20240126;100223;165.880000000;20;9468506353;S
20240126;100223;165.890000000;200;9468506368;B
20240126;100223;165.870000000;10;9468506374;S
20240126;100223;165.870000000;190;9468506375;S
20240126;100224;165.890000000;10;9468506385;B
20240126;100224;165.890000000;10;9468506466;B
20240126;100224;165.890000000;10;9468506514;B
20240126;100225;165.890000000;130;9468506526;B
20240126;100228;165.870000000;290;9468506960;S
20240126;100229;165.860000000;100;9468507255;S
20240126;100231;165.880000000;10;9468507541;B
20240126;100231;165.880000000;290;9468507574;B
20240126;100231;165.880000000;180;9468507575;B
20240126;100231;165.880000000;100;9468507586;B
20240126;100231;165.880000000;5000;9468507642;B
20240126;100231;165.880000000;10;9468507643;B
20240126;100231;165.880000000;300;9468507644;B
20240126;100231;165.890000000;10920;9468507645;B
20240126;100231;165.890000000;770;9468507646;B
20240126;100231;165.890000000;1000;9468507648;B
20240126;100232;165.890000000;40;9468507764;B
20240126;100234;165.890000000;10;9468508044;B
20240126;100235;165.890000000;500;9468508220;B
20240126;100236;165.890000000;1510;9468508367;B
20240126;100237;165.890000000;100;9468508375;B
20240126;100237;165.890000000;70;9468508394;B
20240126;100237;165.940000000;30;9468508395;B
20240126;100242;165.930000000;50;9468509148;B
20240126;100253;165.920000000;10;9468510626;B
20240126;100254;165.920000000;40;9468510803;B
20240126;100254;165.920000000;50;9468510825;B
20240126;100254;165.930000000;450;9468510826;B
20240126;100257;165.900000000;500;9468511207;S
20240126;100257;165.900000000;1000;9468511208;B
20240126;100257;165.900000000;100;9468511209;B
20240126;100257;165.900000000;1000;9468511227;B
20240126;100259;165.890000000;50;9468511490;S
20240126;100300;165.900000000;10;9468511656;B
20240126;100300;165.900000000;250;9468511707;B
20240126;100301;165.890000000;10;9468511872;S
20240126;100301;165.900000000;300;9468511906;B
20240126;100301;165.890000000;1940;9468511907;S
20240126;100301;165.890000000;1010;9468511908;S
20240126;100301;165.890000000;10;9468511909;S
20240126;100301;165.890000000;180;9468511910;S
20240126;100303;165.880000000;400;9468512155;S
20240126;100303;165.870000000;50;9468512156;S
20240126;100303;165.870000000;20;9468512157;S
20240126;100303;165.860000000;50;9468512158;S
20240126;100303;165.860000000;480;9468512159;S
20240126;100308;165.890000000;200;9468512928;B
20240126;100310;165.870000000;50;9468513261;B
20240126;100310;165.870000000;1500;9468513262;B
20240126;100310;165.870000000;3750;9468513263;B
20240126;100310;165.870000000;1000;9468513267;B
20240126;100310;165.890000000;10;9468513300;B
20240126;100310;165.870000000;200;9468513309;S
20240126;100310;165.890000000;10;9468513329;B
20240126;100312;165.870000000;10;9468513683;S
20240126;100313;165.890000000;1000;9468513755;B
20240126;100318;165.890000000;10;9468514880;B
20240126;100318;165.890000000;40;9468514919;B
20240126;100319;165.860000000;10;9468515021;S
20240126;100320;165.890000000;10;9468515049;B
20240126;100320;165.890000000;20;9468515107;B
20240126;100320;165.890000000;500;9468515108;B
20240126;100320;165.890000000;10;9468515109;B
20240126;100320;165.890000000;4090;9468515110;B
20240126;100320;165.890000000;10;9468515111;B
20240126;100320;165.890000000;10;9468515112;B
20240126;100320;165.890000000;100;9468515113;B
20240126;100320;165.890000000;260;9468515114;B
20240126;100321;165.870000000;10;9468515225;S
20240126;100322;165.870000000;100;9468515424;S
20240126;100322;165.870000000;1110;9468515473;S
20240126;100322;165.860000000;90;9468515474;S
20240126;100323;165.890000000;10;9468515589;B
20240126;100326;165.890000000;20;9468516141;B
20240126;100326;165.890000000;1830;9468516166;B
20240126;100327;165.870000000;110;9468516392;S
20240126;100328;165.890000000;50;9468516544;B
20240126;100328;165.870000000;190;9468516842;S
20240126;100328;165.870000000;2100;9468516843;S
20240126;100328;165.860000000;2020;9468516844;S
20240126;100328;165.860000000;30;9468516845;S
20240126;100328;165.860000000;660;9468516846;S
20240126;100329;165.890000000;200;9468516941;B
20240126;100330;165.890000000;50;9468517194;B
20240126;100331;165.860000000;10;9468517394;S
20240126;100332;165.890000000;10;9468517525;B
20240126;100339;165.860000000;1290;9468519805;S
20240126;100341;165.880000000;60;9468520217;B
20240126;100341;165.880000000;20;9468520276;B
20240126;100345;165.860000000;1540;9468520868;S
20240126;100345;165.860000000;10;9468520869;S
20240126;100345;165.860000000;20;9468520919;B
20240126;100346;165.850000000;40;9468521066;S
20240126;100346;165.850000000;500;9468521107;S
20240126;100347;165.860000000;930;9468521237;B
20240126;100347;165.860000000;70;9468521238;B
20240126;100347;165.860000000;100;9468521242;B
20240126;100347;165.870000000;1820;9468521256;B
20240126;100347;165.870000000;1180;9468521257;B
20240126;100347;165.870000000;320;9468521270;B
20240126;100347;165.870000000;680;9468521271;B
20240126;100351;165.850000000;10;9468522162;S
20240126;100352;165.850000000;360;9468522224;S
20240126;100352;165.850000000;10;9468522240;S
20240126;100355;165.850000000;1670;9468522800;S
20240126;100355;165.850000000;350;9468522801;S
20240126;100355;165.840000000;140;9468522802;S
20240126;100355;165.840000000;210;9468522803;S
20240126;100355;165.830000000;210;9468522804;S
20240126;100355;165.820000000;10;9468522805;S
20240126;100355;165.820000000;210;9468522806;S
20240126;100355;165.820000000;300;9468522807;S
20240126;100355;165.810000000;180;9468522808;S
20240126;100355;165.810000000;210;9468522809;S
20240126;100355;165.810000000;50;9468522810;S
20240126;100355;165.800000000;210;9468522811;S
20240126;100355;165.800000000;200;9468522812;S
20240126;100355;165.800000000;50;9468522813;S
20240126;100355;165.800000000;90;9468522814;S
20240126;100355;165.800000000;1600;9468522815;S
20240126;100355;165.790000000;210;9468522816;S
20240126;100355;165.790000000;590;9468522817;S
20240126;100355;165.800000000;100;9468522865;S
20240126;100355;165.800000000;100;9468522869;S
20240126;100355;165.800000000;10;9468522877;S
20240126;100356;165.790000000;10;9468522944;S
20240126;100356;165.790000000;60;9468522945;S
20240126;100356;165.790000000;150;9468522978;S
20240126;100356;165.780000000;210;9468522979;S
20240126;100356;165.780000000;140;9468522980;S
20240126;100356;165.780000000;400;9468523033;S
20240126;100357;165.790000000;300;9468523183;B
20240126;100357;165.790000000;1200;9468523184;B
20240126;100357;165.780000000;1800;9468523186;S
20240126;100357;165.790000000;800;9468523187;B
20240126;100401;165.800000000;90;9468523756;B
20240126;100405;165.860000000;40;9468524421;B
20240126;100405;165.870000000;10;9468524422;B
20240126;100406;165.820000000;10;9468524530;S
20240126;100409;165.870000000;1270;9468525305;B
20240126;100409;165.870000000;300;9468525306;B
20240126;100409;165.880000000;430;9468525307;B
20240126;100409;165.830000000;300;9468525337;S
20240126;100409;165.820000000;200;9468525338;S
20240126;100410;165.800000000;10;9468525366;S
20240126;100411;165.800000000;50;9468525489;S
20240126;100411;165.800000000;20;9468525490;S
20240126;100411;165.790000000;30;9468525491;S
20240126;100415;165.860000000;10;9468526141;B
20240126;100418;165.800000000;10;9468526812;S
20240126;100419;165.780000000;500;9468527212;S
20240126;100420;165.780000000;10;9468527382;S
20240126;100420;165.780000000;500;9468527487;S
20240126;100421;165.780000000;100;9468527544;S
20240126;100422;165.780000000;500;9468527839;S
20240126;100424;165.790000000;10;9468528057;B
20240126;100424;165.780000000;500;9468528093;S
20240126;100424;165.790000000;70;9468528105;B
20240126;100425;165.780000000;500;9468528307;S
20240126;100427;165.780000000;500;9468528585;S
20240126;100427;165.780000000;3200;9468528620;S
20240126;100427;165.780000000;400;9468528674;S
20240126;100428;165.780000000;950;9468528731;S
20240126;100428;165.780000000;1000;9468528732;S
20240126;100429;165.770000000;300;9468528889;S
20240126;100429;165.770000000;200;9468528890;S
20240126;100429;165.770000000;100;9468528932;S
20240126;100430;165.770000000;100;9468528961;S
20240126;100430;165.770000000;10;9468528962;S
20240126;100430;165.750000000;30;9468528985;B
20240126;100430;165.750000000;30;9468529043;B
20240126;100430;165.740000000;50;9468529077;S
20240126;100432;165.740000000;100;9468529334;S
20240126;100433;165.750000000;40;9468529426;B
20240126;100436;165.740000000;110;9468529952;S
20240126;100436;165.740000000;70;9468529953;S
20240126;100437;165.760000000;10;9468530048;B
20240126;100438;165.740000000;100;9468530174;S
20240126;100438;165.740000000;1940;9468530182;S
20240126;100438;165.740000000;210;9468530183;S
20240126;100438;165.730000000;7250;9468530184;S
20240126;100438;165.730000000;210;9468530185;S
20240126;100438;165.720000000;210;9468530186;S
20240126;100438;165.720000000;2000;9468530187;S
20240126;100438;165.710000000;210;9468530188;S
20240126;100438;165.710000000;300;9468530189;S
20240126;100438;165.700000000;10;9468530190;S
20240126;100438;165.700000000;400;9468530191;S
20240126;100438;165.700000000;10;9468530192;S
20240126;100438;165.700000000;10;9468530193;S
20240126;100438;165.700000000;210;9468530194;S
20240126;100438;165.700000000;60;9468530195;S
20240126;100438;165.690000000;210;9468530196;S
20240126;100438;165.690000000;2000;9468530197;S
20240126;100438;165.690000000;1000;9468530198;S
20240126;100438;165.680000000;210;9468530199;S
20240126;100438;165.680000000;1000;9468530200;S
20240126;100438;165.670000000;210;9468530201;S
20240126;100438;165.670000000;1000;9468530202;S
20240126;100438;165.660000000;210;9468530203;S
20240126;100438;165.660000000;800;9468530204;S
20240126;100438;165.660000000;1000;9468530205;S
20240126;100438;165.650000000;200;9468530206;S
20240126;100438;165.650000000;50;9468530207;S
20240126;100438;165.650000000;500;9468530208;S
20240126;100438;165.650000000;1000;9468530209;S
20240126;100438;165.650000000;210;9468530210;S
20240126;100438;165.650000000;2000;9468530211;S
20240126;100438;165.640000000;1000;9468530212;S
20240126;100438;165.630000000;1000;9468530213;S
20240126;100438;165.630000000;370;9468530214;S
20240126;100438;165.650000000;180;9468530215;S
20240126;100438;165.630000000;210;9468530291;S
20240126;100438;165.630000000;290;9468530292;S
20240126;100438;165.630000000;100;9468530302;S
20240126;100438;165.630000000;100;9468530303;S
20240126;100438;165.620000000;10;9468530307;S
20240126;100438;165.620000000;90;9468530308;S
20240126;100439;165.600000000;10;9468530453;S
20240126;100439;165.580000000;10;9468530514;S
20240126;100439;165.570000000;210;9468530515;S
20240126;100439;165.570000000;280;9468530516;S
20240126;100439;165.590000000;300;9468530561;B
20240126;100439;165.590000000;400;9468530562;B
20240126;100439;165.590000000;100;9468530586;B
20240126;100439;165.590000000;10;9468530594;B
20240126;100439;165.570000000;210;9468530614;S
20240126;100440;165.570000000;290;9468530622;B
20240126;100440;165.570000000;300;9468530623;B
20240126;100440;165.570000000;90;9468530627;S
20240126;100440;165.570000000;100;9468530633;S
20240126;100440;165.570000000;100;9468530652;S
20240126;100440;165.570000000;100;9468530656;S
20240126;100440;165.570000000;200;9468530657;S
20240126;100440;165.570000000;500;9468530658;S
20240126;100440;165.570000000;500;9468530659;S
20240126;100440;165.570000000;200;9468530660;S
20240126;100440;165.570000000;100;9468530661;S
20240126;100440;165.560000000;100;9468530766;S
20240126;100440;165.550000000;80;9468530768;S
20240126;100440;165.530000000;50;9468530782;S
20240126;100440;165.510000000;200;9468530783;S
20240126;100440;165.510000000;50;9468530784;S
20240126;100440;165.510000000;10;9468530785;S
20240126;100440;165.510000000;300;9468530786;B
20240126;100440;165.510000000;10;9468530787;B
20240126;100440;165.510000000;1510;9468530788;S
20240126;100441;165.500000000;100;9468530793;S
20240126;100441;165.500000000;500;9468530846;S
20240126;100441;165.500000000;200;9468530857;S
20240126;100441;165.500000000;200;9468530858;S
20240126;100441;165.500000000;10;9468530859;S
20240126;100441;165.500000000;10;9468530860;S
20240126;100441;165.500000000;10;9468530861;S
20240126;100441;165.500000000;170;9468530862;S
20240126;100441;165.510000000;1500;9468530868;B
20240126;100441;165.510000000;300;9468530869;B
20240126;100441;165.500000000;100;9468530872;S
20240126;100441;165.510000000;900;9468530873;S
20240126;100441;165.510000000;5000;9468530883;S
20240126;100441;165.510000000;800;9468530884;S
20240126;100441;165.510000000;350;9468530885;S
20240126;100441;165.500000000;650;9468530886;S
20240126;100441;165.500000000;1000;9468530940;S
20240126;100441;165.500000000;50;9468530958;S
20240126;100441;165.500000000;900;9468530963;S
20240126;100441;165.500000000;200;9468530991;S
20240126;100442;165.500000000;200;9468531020;S
20240126;100442;165.500000000;500;9468531039;S
20240126;100442;165.500000000;1000;9468531049;S
20240126;100442;165.500000000;500;9468531054;S
20240126;100442;165.500000000;500;9468531061;S
20240126;100442;165.500000000;1000;9468531063;S
20240126;100442;165.500000000;1000;9468531064;S
20240126;100442;165.500000000;1000;9468531065;S
20240126;100442;165.500000000;200;9468531066;S
20240126;100442;165.500000000;650;9468531072;S
20240126;100442;165.500000000;380;9468531073;S
20240126;100442;165.500000000;10;9468531074;S
20240126;100442;165.500000000;10;9468531075;S
20240126;100442;165.500000000;10;9468531076;S
20240126;100442;165.500000000;200;9468531077;S
20240126;100442;165.500000000;20;9468531078;S
20240126;100442;165.500000000;10;9468531079;S
20240126;100442;165.490000000;10;9468531112;S
20240126;100442;165.490000000;70;9468531113;S
20240126;100442;165.490000000;200;9468531114;S
20240126;100442;165.490000000;50;9468531115;S
20240126;100442;165.460000000;130;9468531116;S
20240126;100442;165.450000000;400;9468531118;S
20240126;100442;165.450000000;470;9468531119;S
20240126;100442;165.450000000;530;9468531247;S
20240126;100442;165.450000000;150;9468531248;S
20240126;100442;165.440000000;10;9468531249;S
20240126;100442;165.440000000;10;9468531250;S
20240126;100442;165.430000000;150;9468531251;S
20240126;100442;165.430000000;10;9468531252;S
20240126;100442;165.430000000;200;9468531253;S
20240126;100442;165.420000000;10;9468531254;S
20240126;100442;165.420000000;10;9468531255;S
20240126;100442;165.420000000;20;9468531256;S
20240126;100442;165.420000000;10;9468531257;S
20240126;100442;165.420000000;10;9468531258;S
20240126;100442;165.420000000;10;9468531259;S
20240126;100442;165.420000000;10;9468531260;S
20240126;100442;165.420000000;10;9468531261;S
20240126;100442;165.420000000;10;9468531262;S
20240126;100442;165.420000000;30;9468531263;S
20240126;100442;165.420000000;60;9468531264;S
20240126;100442;165.420000000;20;9468531265;S
20240126;100442;165.420000000;10;9468531266;S
20240126;100442;165.420000000;500;9468531267;S
20240126;100442;165.420000000;50;9468531268;S
20240126;100442;165.420000000;30;9468531269;S
20240126;100442;165.420000000;30;9468531270;S
20240126;100442;165.420000000;100;9468531271;S
20240126;100442;165.420000000;10;9468531272;S
20240126;100442;165.420000000;10;9468531275;S
20240126;100442;165.420000000;10;9468531276;S
20240126;100442;165.420000000;10;9468531277;S
20240126;100442;165.420000000;10;9468531278;S
20240126;100442;165.420000000;100;9468531279;S
20240126;100442;165.420000000;30;9468531280;S
20240126;100443;165.420000000;70;9468531335;S
20240126;100443;165.420000000;30;9468531336;S
20240126;100443;165.420000000;60;9468531337;S
20240126;100443;165.420000000;20;9468531338;S
20240126;100443;165.420000000;10;9468531339;S
20240126;100443;165.420000000;200;9468531340;S
20240126;100443;165.420000000;10;9468531341;S
20240126;100443;165.430000000;10;9468531350;B
20240126;100443;165.410000000;10;9468531351;S
20240126;100443;165.410000000;490;9468531352;S
20240126;100443;165.410000000;1000;9468531355;S
20240126;100443;165.410000000;500;9468531358;S
20240126;100443;165.410000000;1010;9468531359;S
20240126;100443;165.400000000;60;9468531360;S
20240126;100443;165.400000000;10;9468531361;S
20240126;100443;165.400000000;10;9468531362;S
20240126;100443;165.400000000;100;9468531363;S
20240126;100443;165.400000000;200;9468531364;S
20240126;100443;165.400000000;10;9468531365;S
20240126;100443;165.400000000;610;9468531366;S
20240126;100443;165.400000000;10;9468531414;S
20240126;100443;165.400000000;500;9468531431;S
20240126;100443;165.400000000;880;9468531432;S
20240126;100443;165.400000000;120;9468531433;S
20240126;100443;165.400000000;380;9468531434;S
20240126;100443;165.400000000;10;9468531435;S
20240126;100443;165.400000000;10;9468531436;S
20240126;100443;165.400000000;200;9468531437;S
20240126;100443;165.400000000;500;9468531465;S
20240126;100443;165.400000000;500;9468531467;S
20240126;100443;165.400000000;800;9468531468;S
20240126;100443;165.400000000;20;9468531469;S
20240126;100443;165.390000000;10;9468531470;S
20240126;100443;165.380000000;10;9468531471;S
20240126;100443;165.380000000;10;9468531472;S
20240126;100443;165.370000000;150;9468531473;S
20240126;100443;165.370000000;10;9468531474;S
20240126;100443;165.380000000;200;9468531506;B
20240126;100443;165.380000000;10;9468531511;B
20240126;100443;165.380000000;40;9468531512;B
20240126;100443;165.370000000;140;9468531518;S
20240126;100443;165.370000000;280;9468531519;S
20240126;100443;165.360000000;20;9468531520;S
20240126;100443;165.360000000;20;9468531521;S
20240126;100443;165.360000000;40;9468531522;S
20240126;100443;165.360000000;20;9468531525;S
20240126;100443;165.360000000;20;9468531526;S
20240126;100443;165.360000000;10;9468531527;S
20240126;100443;165.360000000;10;9468531528;S
20240126;100443;165.360000000;30;9468531529;S
20240126;100443;165.370000000;50;9468531540;B
20240126;100443;165.360000000;20;9468531541;S
20240126;100443;165.360000000;10;9468531542;S
20240126;100443;165.360000000;10;9468531543;S
20240126;100443;165.360000000;10;9468531544;S
20240126;100443;165.360000000;10;9468531545;S
20240126;100443;165.360000000;240;9468531546;S
20240126;100443;165.370000000;100;9468531548;B
20240126;100444;165.370000000;40;9468531582;B
20240126;100444;165.360000000;13760;9468531589;S
20240126;100444;165.360000000;10;9468531590;S
20240126;100444;165.350000000;10;9468531591;S
20240126;100444;165.350000000;10;9468531592;S
20240126;100444;165.350000000;10;9468531593;S
20240126;100444;165.350000000;10;9468531594;S
20240126;100444;165.350000000;10;9468531595;S
20240126;100444;165.350000000;8890;9468531596;S
20240126;100444;165.350000000;36500;9468531597;S
20240126;100444;165.350000000;50;9468531627;S
20240126;100444;165.350000000;500;9468531658;S
20240126;100444;165.360000000;80;9468531706;B
20240126;100444;165.360000000;10;9468531714;B
20240126;100444;165.360000000;10;9468531746;B
20240126;100445;165.350000000;10;9468531756;S
20240126;100445;165.350000000;500;9468531799;S
20240126;100445;165.350000000;500;9468531850;S
20240126;100445;165.360000000;60;9468531961;B
20240126;100446;165.350000000;500;9468532076;S
20240126;100446;165.350000000;500;9468532082;S
20240126;100447;165.360000000;150;9468532200;B
20240126;100447;165.360000000;750;9468532201;B
20240126;100447;165.350000000;500;9468532344;S
20240126;100447;165.360000000;60;9468532387;B
20240126;100447;165.350000000;50;9468532393;S
20240126;100448;165.360000000;200;9468532439;B
20240126;100448;165.360000000;100;9468532440;B
20240126;100448;165.360000000;100;9468532441;B
20240126;100448;165.360000000;700;9468532442;B
20240126;100448;165.360000000;100;9468532443;B
20240126;100448;165.360000000;5000;9468532444;B
20240126;100448;165.360000000;90;9468532445;B
20240126;100448;165.370000000;1000;9468532446;B
20240126;100448;165.370000000;100;9468532447;B
20240126;100448;165.380000000;420;9468532448;B
20240126;100449;165.370000000;50;9468532708;S
20240126;100449;165.370000000;50;9468532709;S
20240126;100450;165.380000000;50;9468532800;B
20240126;100450;165.380000000;20;9468532821;B
20240126;100451;165.380000000;50;9468532920;B
20240126;100451;165.370000000;10;9468532947;S
20240126;100451;165.370000000;50;9468532948;S
20240126;100451;165.370000000;10;9468532949;S
20240126;100451;165.370000000;30;9468532950;S
20240126;100452;165.380000000;100;9468533106;B
20240126;100453;165.370000000;20;9468533369;S
20240126;100453;165.370000000;10;9468533422;S
20240126;100453;165.370000000;10;9468533423;S
20240126;100453;165.370000000;50;9468533424;S
20240126;100455;165.370000000;30;9468533687;B
20240126;100455;165.370000000;770;9468533688;B
20240126;100455;165.370000000;500;9468533693;B
20240126;100455;165.370000000;3000;9468533701;B
20240126;100455;165.370000000;300;9468533703;B
20240126;100455;165.370000000;50;9468533716;B
20240126;100455;165.370000000;250;9468533717;B
20240126;100455;165.370000000;100;9468533731;B
20240126;100455;165.370000000;300;9468533749;B
20240126;100455;165.370000000;400;9468533760;B
20240126;100455;165.370000000;200;9468533780;B
20240126;100457;165.360000000;100;9468533988;S
20240126;100457;165.360000000;1560;9468534123;S
20240126;100457;165.360000000;10;9468534124;S
20240126;100457;165.360000000;10;9468534125;S
20240126;100457;165.360000000;50;9468534126;S
20240126;100457;165.360000000;250;9468534127;S
20240126;100457;165.360000000;250;9468534128;S
20240126;100457;165.360000000;2000;9468534129;S
20240126;100457;165.360000000;20;9468534130;S
20240126;100457;165.360000000;300;9468534131;S
20240126;100457;165.360000000;10;9468534132;S
20240126;100457;165.360000000;200;9468534133;S
20240126;100457;165.360000000;1300;9468534134;S
20240126;100457;165.360000000;2500;9468534135;S
20240126;100457;165.360000000;100;9468534136;S
20240126;100457;165.360000000;10;9468534137;S
20240126;100457;165.350000000;1500;9468534138;S
20240126;100457;165.350000000;29930;9468534139;S
20240126;100457;165.360000000;50;9468534147;S
20240126;100458;165.370000000;100;9468534258;B
20240126;100500;165.360000000;10;9468534464;S
20240126;100500;165.360000000;500;9468534498;S
20240126;100500;165.360000000;10;9468534516;S
20240126;100501;165.360000000;10;9468534589;S
20240126;100501;165.360000000;500;9468534595;S
20240126;100501;165.360000000;10;9468534619;S
20240126;100501;165.360000000;10;9468534663;S
20240126;100501;165.360000000;200;9468534724;S
20240126;100502;165.360000000;10;9468534771;S
20240126;100502;165.360000000;30;9468534783;S
20240126;100502;165.360000000;10;9468534787;S
20240126;100502;165.360000000;500;9468534839;S
20240126;100504;165.370000000;10;9468535076;B
20240126;100504;165.370000000;10;9468535103;B
20240126;100504;165.360000000;500;9468535143;S
20240126;100505;165.370000000;2500;9468535387;B
20240126;100505;165.370000000;10;9468535423;B
20240126;100506;165.370000000;60;9468535478;B
20240126;100506;165.360000000;500;9468535565;S
20240126;100506;165.370000000;30;9468535583;B
20240126;100506;165.370000000;20;9468535584;B
20240126;100506;165.370000000;80;9468535629;B
20240126;100506;165.370000000;20;9468535630;B
20240126;100506;165.370000000;4900;9468535631;B
20240126;100507;165.370000000;1000;9468535802;B
20240126;100507;165.360000000;500;9468535834;S
20240126;100507;165.370000000;100;9468535839;B
20240126;100508;165.360000000;50;9468535970;S
20240126;100509;165.360000000;10;9468536063;S
20240126;100509;165.360000000;500;9468536116;S
20240126;100509;165.360000000;200;9468536181;S
20240126;100509;165.360000000;300;9468536182;S
20240126;100509;165.360000000;100;9468536183;S
20240126;100509;165.360000000;10;9468536184;S
20240126;100510;165.360000000;500;9468536409;S
20240126;100510;165.360000000;10;9468536432;S
20240126;100511;165.370000000;1500;9468536566;B
20240126;100511;165.370000000;5000;9468536567;B
20240126;100511;165.370000000;50;9468536568;B
20240126;100511;165.370000000;100;9468536602;S
20240126;100512;165.370000000;500;9468536689;S
20240126;100512;165.380000000;300;9468536697;B
20240126;100513;165.370000000;1500;9468536870;S
20240126;100513;165.380000000;20;9468536904;B
20240126;100513;165.380000000;400;9468536905;B
20240126;100513;165.380000000;80;9468536906;B
20240126;100513;165.370000000;500;9468536941;S
20240126;100514;165.380000000;120;9468537011;B
20240126;100514;165.380000000;200;9468537012;B
20240126;100514;165.380000000;680;9468537013;B
20240126;100514;165.380000000;120;9468537025;B
20240126;100514;165.380000000;380;9468537026;B
20240126;100514;165.370000000;850;9468537145;S
20240126;100514;165.370000000;650;9468537146;S
20240126;100514;165.370000000;1000;9468537147;S
20240126;100514;165.380000000;420;9468537220;B
20240126;100514;165.380000000;580;9468537221;B
20240126;100514;165.380000000;920;9468537222;B
20240126;100514;165.410000000;80;9468537225;B
20240126;100515;165.410000000;10;9468537244;B
20240126;100515;165.410000000;100;9468537372;B
20240126;100515;165.410000000;10;9468537390;B
20240126;100515;165.410000000;20;9468537402;B
20240126;100516;165.410000000;50;9468537429;B
20240126;100517;165.410000000;200;9468537612;B
20240126;100517;165.410000000;20;9468537696;B
20240126;100517;165.410000000;480;9468537697;B
20240126;100518;165.410000000;1000;9468537765;B
20240126;100518;165.410000000;20;9468537766;B
20240126;100518;165.410000000;300;9468537767;B
20240126;100518;165.430000000;30;9468537828;B
20240126;100518;165.420000000;500;9468537831;S
20240126;100519;165.430000000;370;9468537886;B
20240126;100519;165.430000000;50;9468537887;B
20240126;100519;165.470000000;420;9468537888;B
20240126;100519;165.480000000;60;9468537889;B
20240126;100519;165.490000000;40;9468537890;B
20240126;100519;165.500000000;480;9468537891;B
20240126;100519;165.470000000;480;9468537903;S
20240126;100519;165.470000000;1820;9468537904;S
20240126;100519;165.470000000;2700;9468537905;B
20240126;100519;165.500000000;1520;9468537979;B
20240126;100519;165.510000000;300;9468537980;B
20240126;100519;165.540000000;340;9468537981;B
20240126;100519;165.520000000;300;9468537982;B
20240126;100519;165.530000000;1000;9468537983;B
20240126;100520;165.490000000;10;9468538128;S
20240126;100520;165.490000000;7090;9468538129;S
20240126;100520;165.490000000;300;9468538130;S
20240126;100520;165.480000000;1820;9468538131;S
20240126;100520;165.470000000;2000;9468538132;S
20240126;100520;165.460000000;210;9468538133;S
20240126;100520;165.450000000;210;9468538134;S
20240126;100520;165.450000000;2000;9468538135;S
20240126;100520;165.440000000;210;9468538136;S
20240126;100520;165.440000000;800;9468538137;S
20240126;100520;165.440000000;1000;9468538138;S
20240126;100520;165.430000000;210;9468538139;S
20240126;100520;165.430000000;1000;9468538140;S
20240126;100520;165.430000000;20;9468538141;S
20240126;100520;165.500000000;10;9468538142;B
20240126;100522;165.480000000;210;9468538365;S
20240126;100525;165.530000000;1000;9468538798;B
20240126;100525;165.530000000;50;9468538799;B
20240126;100525;165.550000000;450;9468538800;B
20240126;100528;165.520000000;60;9468539218;B
20240126;100528;165.520000000;100;9468539241;B
20240126;100530;165.520000000;400;9468539468;B
20240126;100530;165.510000000;200;9468539528;S
20240126;100530;165.510000000;10;9468539613;S
20240126;100532;165.510000000;100;9468539789;S
20240126;100532;165.520000000;10;9468539798;B
20240126;100533;165.520000000;1000;9468540013;B
20240126;100533;165.520000000;500;9468540014;B
20240126;100533;165.530000000;800;9468540015;B
20240126;100533;165.530000000;200;9468540016;B
20240126;100534;165.510000000;10;9468540127;S
20240126;100534;165.510000000;10;9468540128;S
20240126;100534;165.510000000;2090;9468540145;S
20240126;100534;165.500000000;500;9468540146;S
20240126;100534;165.500000000;10;9468540147;S
20240126;100534;165.490000000;210;9468540148;S
20240126;100534;165.490000000;300;9468540149;S
20240126;100534;165.480000000;210;9468540150;S
20240126;100534;165.470000000;60;9468540151;S
20240126;100534;165.470000000;210;9468540152;S
20240126;100534;165.470000000;10;9468540153;S
20240126;100534;165.470000000;10;9468540154;S
20240126;100534;165.460000000;210;9468540155;S
20240126;100534;165.450000000;210;9468540156;S
20240126;100534;165.450000000;800;9468540157;S
20240126;100534;165.450000000;10;9468540158;S
20240126;100534;165.450000000;10;9468540159;S
20240126;100534;165.440000000;210;9468540160;S
20240126;100534;165.440000000;50;9468540161;S
20240126;100534;165.440000000;10;9468540162;S
20240126;100534;165.440000000;780;9468540163;S
20240126;100535;165.470000000;1000;9468540285;S
20240126;100536;165.480000000;10;9468540429;B
20240126;100537;165.470000000;200;9468540630;S
20240126;100539;165.480000000;790;9468540920;B
20240126;100540;165.510000000;300;9468541155;S
20240126;100540;165.510000000;100;9468541156;S
20240126;100545;165.520000000;20;9468541704;B
20240126;100545;165.520000000;480;9468541705;B
20240126;100547;165.520000000;10;9468542110;S
20240126;100549;165.520000000;990;9468542365;S
20240126;100549;165.520000000;800;9468542366;S
20240126;100552;165.530000000;800;9468542724;B
20240126;100552;165.530000000;700;9468542725;B
20240126;100552;165.530000000;300;9468542726;B
20240126;100552;165.550000000;700;9468542730;B
20240126;100552;165.550000000;300;9468542773;B
20240126;100552;165.560000000;500;9468542775;B
20240126;100552;165.560000000;200;9468542776;B
20240126;100552;165.570000000;60;9468542779;B
20240126;100552;165.570000000;540;9468542780;B
20240126;100553;165.580000000;430;9468542976;B
20240126;100554;165.550000000;30;9468543076;S
20240126;100555;165.580000000;500;9468543140;B
20240126;100557;165.540000000;100;9468543485;S
20240126;100557;165.580000000;10;9468543499;B
20240126;100557;165.580000000;60;9468543511;B
20240126;100557;165.580000000;40;9468543512;B
20240126;100557;165.550000000;40;9468543522;S
20240126;100558;165.570000000;10;9468543685;B
20240126;100558;165.570000000;10;9468543723;B
20240126;100559;165.570000000;150;9468543859;B
20240126;100559;165.580000000;10;9468543879;B
20240126;100606;165.550000000;10;9468545032;B
20240126;100607;165.540000000;30;9468545076;S
20240126;100607;165.540000000;470;9468545077;S
20240126;100607;165.540000000;10;9468545141;B
20240126;100608;165.530000000;30;9468545221;S
20240126;100608;165.530000000;510;9468545222;S
20240126;100608;165.530000000;1000;9468545223;S
20240126;100608;165.530000000;40;9468545224;S
20240126;100608;165.540000000;990;9468545325;B
20240126;100608;165.540000000;10;9468545326;B
20240126;100608;165.540000000;10;9468545335;B
20240126;100610;165.540000000;10;9468545708;B
20240126;100614;165.540000000;10;9468546298;B
20240126;100614;165.550000000;30;9468546330;B
20240126;100617;165.540000000;500;9468546803;S
20240126;100617;165.540000000;1000;9468546895;S
20240126;100617;165.530000000;1210;9468546896;S
20240126;100617;165.520000000;870;9468546897;S
20240126;100617;165.520000000;420;9468546898;S
20240126;100618;165.540000000;100;9468547032;S
20240126;100621;165.530000000;250;9468547566;B
20240126;100622;165.520000000;380;9468547637;S
20240126;100622;165.520000000;20;9468547638;S
20240126;100622;165.520000000;210;9468547639;S
20240126;100622;165.510000000;200;9468547640;S
20240126;100622;165.510000000;10;9468547641;S
20240126;100622;165.510000000;10;9468547642;S
20240126;100622;165.510000000;380;9468547643;S
20240126;100622;165.510000000;210;9468547644;S
20240126;100622;165.510000000;2000;9468547645;S
20240126;100622;165.510000000;10;9468547646;S
20240126;100622;165.510000000;500;9468547647;S
20240126;100622;165.500000000;4210;9468547648;S
20240126;100622;165.500000000;20000;9468547649;S
20240126;100622;165.500000000;10;9468547650;S
20240126;100622;165.500000000;100;9468547651;S
20240126;100622;165.500000000;100;9468547652;S
20240126;100622;165.500000000;210;9468547653;S
20240126;100622;165.500000000;10;9468547654;S
20240126;100622;165.500000000;10;9468547655;S
20240126;100622;165.500000000;3000;9468547656;S
20240126;100622;165.500000000;30;9468547657;S
20240126;100622;165.500000000;100;9468547658;S
20240126;100622;165.500000000;10;9468547659;S
20240126;100622;165.500000000;300;9468547660;S
20240126;100622;165.480000000;100;9468547668;B
20240126;100624;165.480000000;10;9468547914;B
20240126;100625;165.480000000;10;9468548031;B
20240126;100625;165.490000000;500;9468548123;B
20240126;100625;165.470000000;10;9468548132;S
20240126;100626;165.490000000;500;9468548251;B
20240126;100626;165.490000000;500;9468548252;B
20240126;100627;165.470000000;120;9468548377;S
20240126;100627;165.490000000;300;9468548399;B
20240126;100637;165.490000000;10;9468549725;S
20240126;100637;165.500000000;20;9468549752;B
20240126;100637;165.490000000;400;9468549759;S
20240126;100641;165.500000000;20;9468550299;B
20240126;100643;165.500000000;10;9468550523;B
20240126;100643;165.500000000;50;9468550575;B
20240126;100644;165.490000000;60;9468550747;S
20240126;100648;165.490000000;10;9468551293;S
20240126;100649;165.490000000;520;9468551455;S
20240126;100649;165.490000000;10;9468551456;S
20240126;100649;165.490000000;10;9468551457;S
20240126;100649;165.490000000;10;9468551458;S
20240126;100649;165.490000000;10;9468551459;S
20240126;100649;165.490000000;440;9468551460;S
20240126;100650;165.500000000;50;9468551553;B
20240126;100650;165.490000000;20;9468551571;S
20240126;100650;165.500000000;2780;9468551586;B
20240126;100650;165.500000000;90;9468551587;B
20240126;100650;165.500000000;130;9468551588;B
20240126;100651;165.490000000;980;9468551631;S
20240126;100651;165.490000000;300;9468551632;S
20240126;100651;165.480000000;2110;9468551633;S
20240126;100651;165.480000000;510;9468551634;S
20240126;100652;165.500000000;3010;9468551858;B
20240126;100653;165.490000000;170;9468551948;B
20240126;100655;165.490000000;90;9468552178;B
20240126;100656;165.490000000;20;9468552326;B
20240126;100657;165.490000000;520;9468552409;B
20240126;100657;165.500000000;3480;9468552410;B
20240126;100657;165.500000000;470;9468552421;B
20240126;100657;165.500000000;470;9468552484;B
20240126;100657;165.500000000;120;9468552532;B
20240126;100657;165.500000000;330;9468552534;B
20240126;100657;165.500000000;590;9468552564;B
20240126;100657;165.500000000;380;9468552569;B
20240126;100702;165.490000000;50;9468553570;S
20240126;100703;165.490000000;950;9468553706;S
20240126;100703;165.490000000;290;9468553707;S
20240126;100703;165.500000000;10;9468553750;B
20240126;100703;165.490000000;20;9468553754;S
20240126;100704;165.480000000;500;9468553820;S
20240126;100704;165.500000000;50;9468553836;B
20240126;100705;165.490000000;20;9468554078;S
20240126;100705;165.490000000;480;9468554079;S
20240126;100706;165.500000000;10;9468554122;B
20240126;100706;165.490000000;300;9468554165;S
20240126;100706;165.500000000;10;9468554279;B
20240126;100708;165.490000000;10;9468554445;S
20240126;100716;165.500000000;1120;9468555648;B
20240126;100716;165.500000000;310;9468555649;B
20240126;100716;165.500000000;470;9468555650;B
20240126;100717;165.490000000;680;9468555804;S
20240126;100717;165.490000000;200;9468555805;S
20240126;100717;165.490000000;100;9468555806;S
20240126;100717;165.490000000;20;9468555807;S
20240126;100718;165.490000000;10;9468555938;B
20240126;100718;165.490000000;800;9468555939;B
20240126;100718;165.500000000;30;9468555940;B
20240126;100718;165.490000000;10;9468556030;B
20240126;100720;165.480000000;10;9468556244;B
20240126;100721;165.480000000;20;9468556377;B
20240126;100722;165.470000000;50;9468556669;S
20240126;100722;165.470000000;10;9468556670;S
20240126;100722;165.470000000;190;9468556671;S
20240126;100724;165.480000000;20;9468556884;B
20240126;100728;165.480000000;30;9468557485;B
20240126;100728;165.480000000;800;9468557498;B
20240126;100728;165.480000000;600;9468557499;B
20240126;100729;165.500000000;10;9468557576;B
20240126;100730;165.500000000;10;9468557816;B
20240126;100736;165.500000000;10;9468558651;B
20240126;100737;165.500000000;40;9468558729;B
20240126;100737;165.500000000;10;9468558744;B
20240126;100738;165.500000000;10;9468558998;B
20240126;100741;165.500000000;30;9468559441;B
20240126;100742;165.500000000;50;9468559564;B
20240126;100743;165.500000000;20;9468559899;B
20240126;100745;165.500000000;10;9468560123;B
20240126;100745;165.500000000;100;9468560168;B
20240126;100746;165.500000000;20;9468560331;B
20240126;100747;165.500000000;10;9468560388;B
20240126;100753;165.500000000;60;9468561136;B
20240126;100753;165.500000000;250;9468561173;B
20240126;100754;165.500000000;10;9468561387;B
20240126;100755;165.500000000;60;9468561429;B
20240126;100757;165.490000000;100;9468561649;S
20240126;100757;165.490000000;550;9468561650;S
20240126;100800;165.490000000;100;9468562133;S
20240126;100800;165.490000000;100;9468562143;S
20240126;100800;165.490000000;100;9468562144;S
20240126;100801;165.490000000;1270;9468562196;S
20240126;100801;165.490000000;500;9468562233;S
20240126;100801;165.490000000;30;9468562343;S
20240126;100802;165.490000000;350;9468562663;S
20240126;100802;165.490000000;150;9468562664;S
20240126;100804;165.490000000;500;9468562903;S
20240126;100804;165.500000000;100;9468562928;B
20240126;100806;165.490000000;500;9468563193;S
20240126;100806;165.500000000;80;9468563210;B
20240126;100806;165.500000000;600;9468563276;B
20240126;100807;165.500000000;10;9468563396;B
20240126;100808;165.500000000;20;9468563475;B
20240126;100808;165.490000000;500;9468563553;S
20240126;100809;165.490000000;500;9468563779;S
20240126;100811;165.500000000;120;9468563909;B
20240126;100811;165.490000000;100;9468563923;S
20240126;100811;165.490000000;30;9468563924;S
20240126;100811;165.490000000;370;9468563925;S
20240126;100813;165.480000000;30;9468564212;S
20240126;100813;165.480000000;470;9468564213;S
20240126;100814;165.480000000;300;9468564425;B
20240126;100815;165.470000000;500;9468564484;S
20240126;100815;165.480000000;10;9468564493;B
20240126;100816;165.470000000;500;9468564694;S
20240126;100818;165.470000000;310;9468564889;S
20240126;100818;165.470000000;10;9468564890;S
20240126;100818;165.470000000;30;9468564891;S
20240126;100818;165.470000000;150;9468564892;S
20240126;100819;165.460000000;50;9468565072;S
20240126;100819;165.460000000;250;9468565073;S
20240126;100820;165.470000000;40;9468565214;B
20240126;100821;165.470000000;10;9468565286;B
20240126;100824;165.470000000;10;9468565580;B
20240126;100827;165.470000000;100;9468565903;B
20240126;100833;165.450000000;10;9468566856;S
20240126;100833;165.450000000;290;9468566857;S
20240126;100837;165.450000000;700;9468567309;S
20240126;100837;165.450000000;300;9468567310;S
20240126;100837;165.450000000;30;9468567433;S
20240126;100837;165.450000000;10;9468567434;S
20240126;100837;165.450000000;260;9468567435;S
20240126;100839;165.440000000;1000;9468567750;B
20240126;100839;165.440000000;600;9468567751;B
20240126;100841;165.440000000;10;9468567930;B
20240126;100843;165.430000000;50;9468568220;S
20240126;100843;165.430000000;50;9468568221;S
20240126;100843;165.420000000;10;9468568381;S
20240126;100843;165.420000000;10;9468568382;S
20240126;100843;165.420000000;580;9468568383;S
20240126;100849;165.420000000;500;9468569356;S
20240126;100851;165.420000000;500;9468569508;S
20240126;100851;165.430000000;10;9468569526;B
20240126;100852;165.430000000;30;9468569648;B
20240126;100852;165.420000000;500;9468569699;S
20240126;100853;165.430000000;150;9468569783;B
20240126;100854;165.420000000;420;9468569879;S
20240126;100854;165.410000000;30;9468569885;S
20240126;100854;165.410000000;70;9468569886;S
20240126;100854;165.410000000;10;9468569919;S
20240126;100856;165.420000000;50;9468570179;B
20240126;100857;165.410000000;430;9468570294;S
20240126;100857;165.410000000;70;9468570295;S
20240126;100857;165.420000000;20;9468570300;B
20240126;100859;165.410000000;60;9468570463;S
20240126;100859;165.410000000;440;9468570464;S
20240126;100859;165.410000000;1000;9468570468;S
20240126;100901;165.400000000;30;9468570779;S
20240126;100901;165.400000000;240;9468570780;S
20240126;100901;165.410000000;30;9468570827;B
20240126;100901;165.400000000;760;9468570844;S
20240126;100901;165.400000000;100;9468570845;S
20240126;100901;165.400000000;10;9468570846;S
20240126;100901;165.400000000;10;9468570847;S
20240126;100901;165.400000000;100;9468570848;S
20240126;100901;165.400000000;410;9468570849;S
20240126;100902;165.400000000;30;9468570920;S
20240126;100902;165.410000000;1070;9468570996;B
20240126;100907;165.410000000;10;9468571667;B
20240126;100908;165.410000000;10;9468571799;B
20240126;100910;165.410000000;10;9468572044;B
20240126;100911;165.410000000;20;9468572276;B
20240126;100912;165.410000000;1470;9468572388;B
20240126;100912;165.410000000;30;9468572389;B
20240126;100915;165.410000000;500;9468572733;B
20240126;100916;165.410000000;250;9468572932;B
20240126;100922;165.410000000;10;9468573649;B
20240126;100922;165.410000000;30;9468573650;B
20240126;100923;165.410000000;100;9468573809;B
20240126;100925;165.400000000;60;9468574141;S
20240126;100925;165.400000000;10;9468574142;S
20240126;100925;165.400000000;10;9468574143;S
20240126;100927;165.410000000;10;9468574354;B
20240126;100929;165.400000000;40;9468574832;S
20240126;100931;165.410000000;180;9468575149;B
20240126;100932;165.410000000;90;9468575303;B
20240126;100932;165.410000000;210;9468575304;B
20240126;100935;165.410000000;200;9468575584;B
20240126;100935;165.410000000;20;9468575610;B
20240126;100935;165.410000000;80;9468575631;B
20240126;100935;165.410000000;1000;9468575686;B
20240126;100940;165.410000000;10;9468576415;B
20240126;100941;165.400000000;100;9468576488;S
20240126;100942;165.410000000;10;9468576672;B
20240126;100943;165.410000000;10;9468576773;B
20240126;100944;165.410000000;60;9468576815;B
20240126;100944;165.400000000;220;9468576878;S
20240126;100947;165.410000000;10;9468577291;B
20240126;100947;165.410000000;1000;9468577310;B
20240126;100948;165.400000000;5630;9468577494;S
20240126;100948;165.400000000;10;9468577495;S
20240126;100948;165.400000000;10;9468577496;S
20240126;100948;165.400000000;150;9468577497;S
20240126;100948;165.400000000;150;9468577498;S
20240126;100948;165.400000000;3000;9468577499;S
20240126;100948;165.400000000;20;9468577500;S
20240126;100948;165.400000000;1000;9468577501;S
20240126;100948;165.400000000;910;9468577502;S
20240126;100948;165.400000000;300;9468577503;S
20240126;100948;165.400000000;1820;9468577504;S
20240126;100948;165.400000000;20;9468577505;S
20240126;100948;165.400000000;200;9468577506;S
20240126;100948;165.400000000;100;9468577507;S
20240126;100948;165.400000000;10;9468577508;S
20240126;100948;165.400000000;15000;9468577509;S
20240126;100948;165.400000000;20;9468577510;S
20240126;100948;165.400000000;40;9468577511;S
20240126;100948;165.400000000;100;9468577512;S
20240126;100948;165.400000000;40;9468577513;S
20240126;100948;165.400000000;9500;9468577514;S
20240126;100948;165.400000000;40;9468577515;S
20240126;100951;165.400000000;11930;9468577769;B
20240126;100951;165.400000000;1500;9468577770;B
20240126;100951;165.400000000;3570;9468577771;B
20240126;100951;165.400000000;10;9468577786;B
20240126;100951;165.400000000;10;9468577849;B
20240126;100951;165.400000000;90;9468577850;B
20240126;100952;165.400000000;10;9468578001;B
20240126;100953;165.390000000;40;9468578079;S
20240126;100953;165.390000000;160;9468578080;S
20240126;100954;165.400000000;10;9468578147;B
20240126;100955;165.390000000;10;9468578259;S
20240126;100955;165.390000000;1650;9468578315;S
20240126;100955;165.390000000;7000;9468578316;S
20240126;100955;165.390000000;30;9468578317;S
20240126;100955;165.380000000;50;9468578318;S
20240126;100955;165.380000000;1640;9468578319;S
20240126;100955;165.380000000;50;9468578320;S
20240126;100955;165.370000000;6000;9468578321;S
20240126;100955;165.370000000;50;9468578322;S
20240126;100955;165.370000000;10;9468578323;S
20240126;100955;165.370000000;250;9468578324;S
20240126;100955;165.370000000;10;9468578325;S
20240126;100955;165.370000000;200;9468578326;S
20240126;100955;165.370000000;1670;9468578327;S
20240126;100955;165.370000000;200;9468578328;S
20240126;100955;165.370000000;30;9468578329;S
20240126;100955;165.370000000;20;9468578330;S
20240126;100955;165.370000000;1000;9468578331;S
20240126;100955;165.370000000;300;9468578332;S
20240126;100955;165.360000000;6050;9468578333;S
20240126;100955;165.360000000;10;9468578334;S
20240126;100955;165.360000000;10;9468578335;S
20240126;100955;165.360000000;2000;9468578336;S
20240126;100955;165.360000000;10;9468578337;S
20240126;100955;165.360000000;60;9468578338;S
20240126;100955;165.360000000;20000;9468578339;S
20240126;100955;165.360000000;300;9468578340;S
20240126;100955;165.360000000;240;9468578341;S
20240126;100955;165.360000000;90;9468578342;S
20240126;100955;165.360000000;10;9468578343;S
20240126;100955;165.360000000;500;9468578344;S
20240126;100955;165.360000000;150;9468578345;S
20240126;100955;165.360000000;600;9468578346;S
20240126;100955;165.360000000;10;9468578347;S
20240126;100955;165.360000000;1600;9468578348;S
20240126;100955;165.360000000;1500;9468578349;S
20240126;100955;165.360000000;500;9468578350;S
20240126;100955;165.360000000;800;9468578351;S
20240126;100955;165.350000000;70070;9468578352;S
20240126;100955;165.350000000;590;9468578353;S
20240126;100955;165.350000000;10;9468578354;S
20240126;100955;165.350000000;10;9468578355;S
20240126;100955;165.350000000;20;9468578356;S
20240126;100955;165.350000000;10;9468578357;S
20240126;100955;165.350000000;10;9468578358;S
20240126;100955;165.350000000;10;9468578359;S
20240126;100955;165.350000000;30;9468578360;S
20240126;100955;165.350000000;130;9468578361;S
20240126;100955;165.350000000;190;9468578362;S
20240126;100955;165.350000000;30;9468578363;S
20240126;100955;165.350000000;200;9468578364;S
20240126;100955;165.350000000;37800;9468578365;S
20240126;100955;165.350000000;10;9468578366;S
20240126;100955;165.350000000;10;9468578367;S
20240126;100955;165.350000000;10;9468578368;S
20240126;100955;165.350000000;120;9468578369;S
20240126;100955;165.350000000;5000;9468578370;S
20240126;100955;165.350000000;10;9468578371;S
20240126;100955;165.350000000;10;9468578372;S
20240126;100955;165.350000000;100;9468578373;S
20240126;100955;165.350000000;1000;9468578374;S
20240126;100955;165.350000000;10;9468578375;S
20240126;100955;165.350000000;170;9468578376;S
20240126;100955;165.350000000;10;9468578377;S
20240126;100955;165.350000000;100;9468578378;S
20240126;100955;165.350000000;110;9468578379;S
20240126;100955;165.350000000;10;9468578380;S
20240126;100955;165.350000000;30;9468578381;S
20240126;100955;165.350000000;1000;9468578382;S
20240126;100955;165.350000000;25000;9468578383;S
20240126;100955;165.350000000;740;9468578384;S
20240126;100955;165.350000000;40;9468578385;S
20240126;100955;165.350000000;2000;9468578386;S
20240126;100955;165.340000000;10;9468578390;S
20240126;100955;165.340000000;10;9468578391;S
20240126;100955;165.340000000;10;9468578392;S
20240126;100955;165.340000000;20;9468578393;S
20240126;100955;165.340000000;30;9468578396;S
20240126;100955;165.340000000;10;9468578403;S
20240126;100955;165.340000000;10;9468578404;S
20240126;100956;165.340000000;40;9468578439;S
20240126;100956;165.340000000;1820;9468578440;S
20240126;100956;165.330000000;10;9468578441;S
20240126;100956;165.330000000;10;9468578442;S
20240126;100956;165.330000000;10;9468578443;S
20240126;100956;165.330000000;100;9468578444;S
20240126;100956;165.330000000;30;9468578445;S
20240126;100956;165.330000000;4500;9468578446;S
20240126;100956;165.320000000;10;9468578447;S
20240126;100956;165.320000000;10;9468578448;S
20240126;100956;165.320000000;10;9468578449;S
20240126;100956;165.320000000;10;9468578450;S
20240126;100956;165.320000000;10;9468578451;S
20240126;100956;165.320000000;20;9468578452;S
20240126;100956;165.310000000;100;9468578453;S
20240126;100956;165.310000000;100;9468578454;S
20240126;100956;165.310000000;1000;9468578455;S
20240126;100956;165.310000000;10;9468578456;S
20240126;100956;165.310000000;10;9468578457;S
20240126;100956;165.310000000;10;9468578458;S
20240126;100956;165.310000000;10;9468578459;S
20240126;100956;165.310000000;100;9468578460;S
20240126;100956;165.310000000;200;9468578461;S
20240126;100956;165.300000000;10;9468578462;S
20240126;100956;165.300000000;200;9468578463;S
20240126;100956;165.300000000;250;9468578464;S
20240126;100956;165.300000000;10;9468578465;S
20240126;100956;165.300000000;10;9468578466;S
20240126;100956;165.300000000;10;9468578467;S
20240126;100956;165.300000000;10;9468578468;S
20240126;100956;165.300000000;60;9468578469;S
20240126;100956;165.300000000;30;9468578470;S
20240126;100956;165.300000000;60;9468578471;S
20240126;100956;165.300000000;10;9468578472;S
20240126;100956;165.300000000;10;9468578473;S
20240126;100956;165.300000000;10;9468578474;S
20240126;100956;165.300000000;10;9468578475;S
20240126;100956;165.300000000;20;9468578476;S
20240126;100956;165.300000000;10;9468578477;S
20240126;100956;165.300000000;30;9468578478;S
20240126;100956;165.300000000;10;9468578479;S
20240126;100956;165.300000000;180;9468578480;S
20240126;100956;165.300000000;100;9468578481;S
20240126;100956;165.310000000;10;9468578540;S
20240126;100956;165.320000000;200;9468578541;B
20240126;100956;165.320000000;100;9468578543;B
20240126;100956;165.330000000;900;9468578544;B
20240126;100956;165.320000000;10;9468578548;B
20240126;100956;165.310000000;30;9468578549;S
20240126;100956;165.320000000;10;9468578555;B
20240126;100956;165.310000000;50;9468578582;S
20240126;100956;165.310000000;30;9468578586;S
20240126;100956;165.320000000;10;9468578588;B
20240126;100956;165.310000000;130;9468578609;S
20240126;100957;165.310000000;1570;9468578612;S
20240126;100957;165.310000000;400;9468578613;S
20240126;100957;165.310000000;1030;9468578614;S
20240126;100957;165.310000000;30;9468578615;S
20240126;100958;165.320000000;210;9468578746;B
20240126;100958;165.320000000;30;9468578747;B
20240126;100958;165.320000000;200;9468578748;B
20240126;100958;165.330000000;100;9468578749;B
20240126;100958;165.330000000;210;9468578750;B
20240126;100958;165.330000000;10;9468578751;B
20240126;100958;165.330000000;300;9468578752;B
20240126;100958;165.340000000;210;9468578753;B
20240126;100958;165.340000000;60;9468578754;B
20240126;100958;165.350000000;800;9468578755;B
20240126;100958;165.350000000;1000;9468578756;B
20240126;100958;165.350000000;1000;9468578757;B
20240126;100958;165.350000000;800;9468578758;B
20240126;100958;165.350000000;210;9468578759;B
20240126;100958;165.360000000;210;9468578760;B
20240126;100958;165.370000000;210;9468578761;B
20240126;100958;165.370000000;1240;9468578762;B
20240126;100958;165.320000000;10;9468578809;S
20240126;100958;165.340000000;100;9468578926;S
20240126;100959;165.350000000;10;9468578959;B
20240126;100959;165.340000000;160;9468578992;S
20240126;100959;165.340000000;10;9468578993;S
20240126;101000;165.340000000;1000;9468579120;B
20240126;101000;165.340000000;210;9468579121;B
20240126;101000;165.350000000;70;9468579122;B
20240126;101000;165.340000000;10;9468579124;B
20240126;101001;165.340000000;10;9468579275;B
20240126;101003;165.330000000;200;9468579773;S
20240126;101006;165.340000000;20;9468580351;B
20240126;101007;165.330000000;2050;9468580520;S
20240126;101012;165.340000000;10;9468581216;B
20240126;101013;165.340000000;20;9468581286;B
20240126;101014;165.340000000;140;9468581400;B
20240126;101014;165.340000000;860;9468581401;B
20240126;101017;165.330000000;50;9468581900;S
20240126;101018;165.340000000;100;9468581972;B
20240126;101018;165.330000000;500;9468581975;S
20240126;101018;165.340000000;200;9468582005;B
20240126;101020;165.340000000;100;9468582253;B
20240126;101024;165.330000000;500;9468582799;S
20240126;101025;165.340000000;20;9468582836;B
20240126;101025;165.340000000;5000;9468582837;B
20240126;101025;165.340000000;200;9468582838;B
20240126;101025;165.340000000;210;9468582839;B
20240126;101025;165.340000000;10;9468582840;B
20240126;101025;165.360000000;1000;9468582924;S
20240126;101025;165.360000000;330;9468582925;S
20240126;101026;165.360000000;200;9468583098;S
20240126;101027;165.360000000;1300;9468583368;S
20240126;101027;165.360000000;200;9468583377;S
20240126;101029;165.370000000;30;9468583583;B
20240126;101029;165.360000000;100;9468583601;S
20240126;101029;165.370000000;180;9468583612;B
20240126;101029;165.370000000;380;9468583613;B
20240126;101029;165.360000000;600;9468583621;S
20240126;101032;165.360000000;10;9468584228;S
20240126;101035;165.370000000;600;9468584607;B
20240126;101035;165.360000000;10;9468584647;S
20240126;101036;165.360000000;10;9468584723;S
20240126;101039;165.370000000;10;9468585053;B
20240126;101039;165.370000000;250;9468585178;B
20240126;101041;165.370000000;50;9468585413;B
20240126;101041;165.370000000;50;9468585414;B
20240126;101043;165.370000000;100;9468585720;B
20240126;101043;165.370000000;10;9468585747;B
20240126;101043;165.380000000;10;9468585748;B
20240126;101044;165.370000000;10;9468585886;S
20240126;101044;165.370000000;30;9468585895;S
20240126;101045;165.370000000;30;9468586051;S
20240126;101045;165.370000000;30;9468586052;S
20240126;101047;165.370000000;270;9468586305;S
20240126;101047;165.370000000;30;9468586306;S
20240126;101047;165.370000000;12340;9468586307;S
20240126;101047;165.370000000;410;9468586308;S
20240126;101047;165.380000000;10;9468586309;B
20240126;101047;165.380000000;10;9468586310;B
20240126;101047;165.370000000;1410;9468586336;S
20240126;101047;165.370000000;280;9468586337;S
20240126;101047;165.370000000;100;9468586357;S
20240126;101048;165.370000000;120;9468586530;S
20240126;101048;165.370000000;3880;9468586531;S
20240126;101052;165.370000000;500;9468587154;S
20240126;101052;165.380000000;10;9468587160;B
20240126;101052;165.370000000;970;9468587161;S
20240126;101053;165.380000000;50;9468587281;B
20240126;101056;165.380000000;20;9468587681;B
20240126;101057;165.380000000;20;9468587727;B
20240126;101059;165.380000000;100;9468588123;B
20240126;101100;165.380000000;10;9468588269;B
20240126;101100;165.380000000;20;9468588270;B
20240126;101101;165.370000000;10;9468588514;S
20240126;101102;165.380000000;20;9468588737;B
20240126;101105;165.380000000;10;9468589058;B
20240126;101108;165.370000000;140;9468589356;S
20240126;101109;165.370000000;1200;9468589629;S
20240126;101110;165.380000000;30;9468589718;B
20240126;101110;165.370000000;620;9468589762;S
20240126;101111;165.380000000;3000;9468589843;B
20240126;101111;165.380000000;50;9468589897;B
20240126;101112;165.370000000;200;9468590290;S
20240126;101115;165.380000000;10;9468590748;B
20240126;101116;165.370000000;3710;9468590956;S
20240126;101116;165.380000000;10;9468590980;B
20240126;101116;165.380000000;20;9468591031;B
20240126;101118;165.380000000;20;9468591422;B
20240126;101121;165.370000000;60;9468591798;S
20240126;101121;165.370000000;200;9468591813;S
20240126;101122;165.380000000;10;9468591907;B
20240126;101124;165.380000000;50;9468592176;B
20240126;101125;165.370000000;50;9468592265;S
20240126;101125;165.380000000;40;9468592266;B
20240126;101125;165.380000000;30;9468592267;B
20240126;101125;165.380000000;30;9468592268;B
20240126;101125;165.370000000;10;9468592295;S
20240126;101126;165.380000000;10;9468592317;B
20240126;101126;165.380000000;100;9468592411;B
20240126;101127;165.370000000;8420;9468592582;S
20240126;101127;165.370000000;20;9468592583;S
20240126;101127;165.370000000;10;9468592584;S
20240126;101127;165.370000000;250;9468592585;S
20240126;101127;165.370000000;1000;9468592586;S
20240126;101127;165.370000000;10;9468592587;S
20240126;101127;165.370000000;20;9468592588;S
20240126;101127;165.370000000;50;9468592589;S
20240126;101127;165.370000000;100;9468592590;S
20240126;101127;165.370000000;10;9468592591;S
20240126;101129;165.380000000;80;9468592837;B
20240126;101130;165.380000000;10;9468592914;B
20240126;101132;165.380000000;20;9468593153;B
20240126;101132;165.370000000;30;9468593187;S
20240126;101135;165.380000000;10;9468593678;B
20240126;101136;165.380000000;10;9468593753;B
20240126;101137;165.380000000;30;9468593861;B
20240126;101137;165.380000000;30;9468593862;B
20240126;101137;165.380000000;160;9468593863;B
20240126;101137;165.380000000;2880;9468593864;B
20240126;101144;165.380000000;20;9468595193;B
20240126;101147;165.380000000;190;9468595788;B
20240126;101147;165.380000000;1320;9468595789;B
20240126;101147;165.380000000;650;9468595790;B
20240126;101147;165.380000000;840;9468595791;B
20240126;101148;165.380000000;1550;9468596027;B
20240126;101148;165.380000000;1500;9468596028;B
20240126;101148;165.380000000;100;9468596029;B
20240126;101148;165.380000000;5000;9468596030;B
20240126;101148;165.380000000;210;9468596031;B
20240126;101148;165.390000000;10;9468596055;B
20240126;101148;165.390000000;5000;9468596056;B
20240126;101148;165.400000000;210;9468596057;B
20240126;101148;165.400000000;1780;9468596058;B
20240126;101150;165.400000000;10;9468596257;B
20240126;101151;165.400000000;10;9468596342;B
20240126;101151;165.390000000;750;9468596374;S
20240126;101154;165.400000000;10;9468596866;B
20240126;101158;165.390000000;250;9468597683;S
20240126;101158;165.390000000;800;9468597684;S
20240126;101158;165.390000000;1000;9468597685;S
20240126;101158;165.390000000;1820;9468597686;S
20240126;101158;165.390000000;20500;9468597687;S
20240126;101158;165.380000000;5630;9468597688;S
20240126;101200;165.390000000;1000;9468598070;S
20240126;101200;165.390000000;1820;9468598071;S
20240126;101200;165.380000000;11010;9468598072;S
20240126;101200;165.380000000;100;9468598073;S
20240126;101200;165.380000000;30;9468598074;S
20240126;101200;165.380000000;10;9468598075;S
20240126;101200;165.380000000;10;9468598076;S
20240126;101200;165.380000000;40;9468598077;S
20240126;101200;165.380000000;1190;9468598078;S
20240126;101200;165.390000000;500;9468598095;S
20240126;101200;165.390000000;30;9468598234;S
20240126;101201;165.390000000;470;9468598281;S
20240126;101201;165.390000000;880;9468598282;S
20240126;101201;165.390000000;300;9468598292;B
20240126;101201;165.390000000;200;9468598293;B
20240126;101202;165.390000000;10;9468598417;B
20240126;101203;165.380000000;10;9468598592;S
20240126;101204;165.380000000;20;9468598857;S
20240126;101209;165.380000000;10;9468599596;S
20240126;101209;165.390000000;500;9468599633;B
20240126;101210;165.390000000;290;9468599782;B
20240126;101210;165.390000000;210;9468599783;B
20240126;101210;165.390000000;1000;9468599784;B
20240126;101210;165.390000000;1500;9468599785;B
20240126;101213;165.390000000;200;9468600309;B
20240126;101214;165.390000000;50;9468600365;B
20240126;101215;165.380000000;10;9468600482;S
20240126;101220;165.390000000;10;9468601353;B
20240126;101221;165.390000000;40;9468601446;B
20240126;101221;165.390000000;150;9468601447;B
20240126;101222;165.380000000;150;9468601729;S
20240126;101222;165.390000000;10;9468601739;B
20240126;101222;165.390000000;50;9468601820;B
20240126;101222;165.390000000;100;9468601821;B
20240126;101223;165.390000000;10;9468601829;B
20240126;101223;165.390000000;10;9468601952;B
20240126;101224;165.390000000;30;9468601982;B
20240126;101224;165.390000000;200;9468602014;B
20240126;101225;165.390000000;10;9468602205;B
20240126;101226;165.390000000;40;9468602296;B
20240126;101227;165.390000000;10;9468602449;B
20240126;101235;165.390000000;10;9468603511;B
20240126;101237;165.390000000;10;9468603807;B
20240126;101239;165.390000000;190;9468604024;B
20240126;101239;165.390000000;310;9468604025;B
20240126;101239;165.380000000;1000;9468604051;S
20240126;101243;165.380000000;100;9468604543;S
20240126;101245;165.390000000;590;9468604823;B
20240126;101246;165.390000000;140;9468605023;B
20240126;101249;165.390000000;70;9468605350;B
20240126;101249;165.390000000;190;9468605351;B
20240126;101250;165.390000000;500;9468605562;B
20240126;101251;165.380000000;10;9468605771;S
20240126;101251;165.390000000;200;9468605830;B
20240126;101251;165.390000000;300;9468605831;B
20240126;101251;165.390000000;210;9468605832;B
20240126;101251;165.390000000;1290;9468605833;B
20240126;101252;165.390000000;10;9468605846;B
20240126;101252;165.380000000;1730;9468605863;S
20240126;101252;165.380000000;3270;9468605864;S
20240126;101252;165.390000000;190;9468606088;B
20240126;101253;165.390000000;50;9468606144;B
20240126;101253;165.390000000;80;9468606181;B
20240126;101254;165.380000000;230;9468606281;S
20240126;101254;165.380000000;40;9468606282;S
20240126;101254;165.380000000;40;9468606283;S
20240126;101254;165.380000000;10;9468606284;S
20240126;101254;165.380000000;100;9468606285;S
20240126;101254;165.380000000;100;9468606286;S
20240126;101254;165.380000000;7480;9468606287;S
20240126;101254;165.390000000;80;9468606342;B
20240126;101254;165.390000000;30;9468606343;B
20240126;101257;165.390000000;100;9468606685;B
20240126;101257;165.390000000;110;9468606737;B
20240126;101257;165.390000000;860;9468606738;B
20240126;101301;165.380000000;30;9468607184;S
20240126;101302;165.380000000;30;9468607294;S
20240126;101302;165.380000000;40;9468607314;S
20240126;101302;165.380000000;100;9468607315;S
20240126;101302;165.380000000;10;9468607316;S
20240126;101302;165.380000000;60;9468607317;B
20240126;101302;165.380000000;100;9468607331;B
20240126;101303;165.380000000;200;9468607389;B
20240126;101304;165.380000000;150;9468607591;B
20240126;101305;165.380000000;100;9468607741;B
20240126;101308;165.380000000;50;9468608805;B
20240126;101308;165.370000000;20;9468608864;S
20240126;101309;165.380000000;30;9468608980;B
20240126;101310;165.380000000;630;9468609220;B
20240126;101310;165.380000000;210;9468609221;B
20240126;101310;165.380000000;1500;9468609222;B
20240126;101310;165.380000000;660;9468609223;B
20240126;101313;165.380000000;20;9468609542;B
20240126;101313;165.380000000;10;9468609543;B
20240126;101316;165.380000000;100;9468609948;B
20240126;101319;165.380000000;10;9468610357;B
20240126;101321;165.370000000;70;9468610803;S
20240126;101321;165.370000000;30;9468610804;S
20240126;101321;165.380000000;30;9468610838;B
20240126;101323;165.380000000;60;9468611174;B
20240126;101323;165.380000000;440;9468611175;B
20240126;101324;165.380000000;10;9468611328;B
20240126;101328;165.380000000;10;9468611899;B
20240126;101331;165.380000000;10;9468612174;B
20240126;101334;165.380000000;10;9468612710;B
20240126;101334;165.380000000;30;9468612761;B
20240126;101336;165.380000000;1430;9468612967;B
20240126;101336;165.380000000;200;9468612968;B
20240126;101336;165.380000000;210;9468612969;B
20240126;101336;165.380000000;1160;9468612970;B
20240126;101336;165.370000000;10;9468613049;S
20240126;101337;165.380000000;30;9468613164;B
20240126;101337;165.370000000;90;9468613172;S
20240126;101337;165.370000000;20;9468613173;S
20240126;101338;165.380000000;3000;9468613236;B
20240126;101339;165.370000000;30;9468613432;S
20240126;101339;165.370000000;100;9468613433;S
20240126;101339;165.370000000;10;9468613434;S
20240126;101339;165.370000000;190;9468613435;S
20240126;101339;165.370000000;20;9468613436;S
20240126;101339;165.370000000;130;9468613437;S
20240126;101342;165.380000000;200;9468613811;B
20240126;101342;165.370000000;170;9468613848;S
20240126;101342;165.370000000;10;9468613854;S
20240126;101344;165.370000000;100;9468614031;S
20240126;101345;165.380000000;10;9468614259;B
20240126;101345;165.380000000;10;9468614260;B
20240126;101347;165.380000000;50;9468614611;B
20240126;101348;165.380000000;10;9468614720;B
20240126;101350;165.380000000;40;9468615058;B
20240126;101350;165.370000000;10;9468615087;S
20240126;101352;165.380000000;30;9468615251;B
20240126;101353;165.380000000;170;9468615469;B
20240126;101353;165.380000000;330;9468615470;B
20240126;101356;165.380000000;10;9468615873;B
20240126;101358;165.380000000;20;9468616165;B
20240126;101359;165.370000000;10;9468616226;S
20240126;101408;165.380000000;1470;9468617511;B
20240126;101408;165.380000000;5000;9468617512;B
20240126;101408;165.380000000;200;9468617513;B
20240126;101408;165.380000000;210;9468617514;B
20240126;101408;165.390000000;100;9468617515;B
20240126;101408;165.390000000;210;9468617516;B
20240126;101408;165.390000000;1020;9468617517;B
20240126;101408;165.400000000;3590;9468617518;B
20240126;101411;165.390000000;10;9468617837;B
20240126;101413;165.390000000;200;9468618060;B
20240126;101413;165.390000000;800;9468618061;B
20240126;101413;165.380000000;150;9468618067;S
20240126;101416;165.390000000;10;9468618372;B
20240126;101416;165.390000000;200;9468618479;B
20240126;101416;165.390000000;800;9468618480;B
20240126;101417;165.390000000;50;9468618525;B
20240126;101418;165.390000000;160;9468618668;B
20240126;101418;165.390000000;1500;9468618669;B
20240126;101418;165.400000000;4340;9468618670;B
20240126;101418;165.400000000;20;9468618772;B
20240126;101419;165.400000000;1000;9468618839;B
20240126;101419;165.400000000;100;9468618880;B
20240126;101421;165.400000000;140;9468619027;B
20240126;101422;165.400000000;1000;9468619088;B
20240126;101425;165.390000000;1000;9468619481;S
20240126;101425;165.390000000;1000;9468619482;S
20240126;101425;165.390000000;1660;9468619483;S
20240126;101427;165.390000000;10;9468619717;S
20240126;101430;165.400000000;100;9468620083;B
20240126;101431;165.400000000;30;9468620262;B
20240126;101432;165.400000000;3000;9468620369;B
20240126;101433;165.400000000;80;9468620500;B
20240126;101434;165.400000000;190;9468620554;B
20240126;101440;165.400000000;100;9468621327;B
20240126;101441;165.400000000;200;9468621443;B
20240126;101442;165.400000000;100;9468621571;B
20240126;101442;165.390000000;100;9468621613;S
20240126;101443;165.400000000;40;9468621705;B
20240126;101444;165.400000000;100;9468621790;B
20240126;101445;165.390000000;500;9468621986;S
20240126;101446;165.400000000;10;9468622201;B
20240126;101446;165.400000000;10;9468622203;B
20240126;101447;165.400000000;20;9468622258;B
20240126;101455;165.390000000;50;9468623384;S
20240126;101455;165.390000000;400;9468623385;S
20240126;101455;165.390000000;450;9468623386;S
20240126;101455;165.390000000;500;9468623387;S
20240126;101455;165.390000000;1000;9468623388;S
20240126;101455;165.390000000;1000;9468623389;S
20240126;101456;165.400000000;140;9468623468;B
20240126;101456;165.400000000;1000;9468623487;B
20240126;101457;165.400000000;20;9468623756;B
20240126;101458;165.390000000;50;9468623853;S
20240126;101458;165.390000000;50;9468623854;S
20240126;101458;165.390000000;100;9468623855;S
20240126;101504;165.390000000;10;9468624719;S
20240126;101505;165.390000000;60;9468624798;S
20240126;101505;165.390000000;2790;9468624839;S
20240126;101505;165.390000000;10;9468624845;S
20240126;101505;165.390000000;50;9468624846;S
20240126;101505;165.390000000;30;9468624847;S
20240126;101505;165.390000000;500;9468624848;S
20240126;101505;165.390000000;60;9468624849;S
20240126;101505;165.380000000;10;9468624850;S
20240126;101505;165.380000000;10;9468624851;S
20240126;101505;165.380000000;40;9468624852;S
20240126;101505;165.370000000;100;9468624853;S
20240126;101505;165.370000000;500;9468624854;S
20240126;101505;165.370000000;1000;9468624855;S
20240126;101505;165.370000000;10;9468624856;S
20240126;101505;165.360000000;2000;9468624857;S
20240126;101505;165.360000000;100;9468624858;S
20240126;101505;165.360000000;30;9468624859;S
20240126;101505;165.360000000;2000;9468624860;S
20240126;101505;165.360000000;20;9468624861;S
20240126;101505;165.360000000;10;9468624862;S
20240126;101505;165.360000000;550;9468624863;S
20240126;101505;165.360000000;20;9468624864;S
20240126;101505;165.360000000;900;9468624865;S
20240126;101505;165.360000000;40;9468624866;S
20240126;101505;165.360000000;30;9468624867;S
20240126;101505;165.360000000;20;9468624868;S
20240126;101505;165.360000000;100;9468624869;S
20240126;101505;165.350000000;2660;9468624870;S
20240126;101506;165.350000000;30;9468625006;S
20240126;101506;165.350000000;50;9468625032;S
20240126;101508;165.350000000;800;9468625440;S
20240126;101509;165.350000000;460;9468625569;S
20240126;101509;165.350000000;10;9468625570;S
20240126;101509;165.350000000;50;9468625571;S
20240126;101509;165.350000000;50;9468625572;S
20240126;101509;165.350000000;10;9468625573;S
20240126;101509;165.350000000;10;9468625574;S
20240126;101509;165.350000000;100;9468625575;S
20240126;101509;165.350000000;30;9468625576;S
20240126;101509;165.350000000;200;9468625577;S
20240126;101509;165.350000000;1080;9468625578;S
20240126;101512;165.360000000;80;9468626127;B
20240126;101514;165.350000000;2500;9468626469;S
20240126;101517;165.350000000;290;9468627080;B
20240126;101518;165.340000000;1010;9468627218;S
20240126;101519;165.340000000;1000;9468627442;S
20240126;101520;165.350000000;10;9468627741;B
20240126;101520;165.350000000;90;9468627742;B
20240126;101520;165.350000000;120;9468627747;B
20240126;101520;165.350000000;20;9468627748;B
20240126;101520;165.350000000;1820;9468627749;B
20240126;101520;165.350000000;40;9468627750;B
20240126;101522;165.350000000;200;9468628067;B
20240126;101524;165.350000000;100;9468628394;B
20240126;101526;165.350000000;10;9468628987;B
20240126;101529;165.350000000;650;9468629673;B
20240126;101529;165.350000000;350;9468629674;B
20240126;101530;165.350000000;450;9468629996;B
20240126;101530;165.350000000;1000;9468629997;B
20240126;101530;165.350000000;200;9468629998;B
20240126;101530;165.350000000;5000;9468629999;B
20240126;101530;165.350000000;1820;9468630000;B
20240126;101530;165.350000000;210;9468630001;B
20240126;101530;165.350000000;1500;9468630002;B
20240126;101538;165.360000000;10;9468631869;B
20240126;101540;165.360000000;10;9468632397;B
20240126;101545;165.360000000;10;9468633488;B
20240126;101549;165.360000000;10;9468634455;B
20240126;101551;165.360000000;60;9468634745;B
20240126;101551;165.350000000;260;9468634780;S
20240126;101551;165.360000000;40;9468634894;B
20240126;101555;165.360000000;10;9468635777;B
20240126;101557;165.350000000;9560;9468636061;S
20240126;101557;165.350000000;440;9468636062;S
20240126;101558;165.360000000;570;9468636308;B
20240126;101558;165.360000000;210;9468636309;B
20240126;101558;165.360000000;100;9468636310;B
20240126;101558;165.360000000;2120;9468636311;B
20240126;101602;165.350000000;100;9468636982;S
20240126;101602;165.350000000;1370;9468637055;S
20240126;101602;165.350000000;1000;9468637058;S
20240126;101602;165.350000000;100;9468637089;S
20240126;101602;165.350000000;500;9468637092;S
20240126;101602;165.350000000;500;9468637094;S
20240126;101602;165.350000000;500;9468637096;S
20240126;101603;165.350000000;30;9468637151;S
