<DATE>;<TIME>;<LAST>;<VOL>;<ID>;<OPER>
20240320;095938;158.6;10;9895270979;S
20240320;095938;158.6;10;9895270980;S
20240320;095938;158.6;10;9895270981;S
20240320;095938;158.6;10;9895270982;S
20240320;095938;158.6;40;9895270983;S
20240320;095938;158.6;40;9895270984;S
20240320;095938;158.6;20;9895270985;S
20240320;095938;158.6;10;9895270986;S
20240320;095938;158.6;10;9895270987;S
20240320;095938;158.6;20;9895270988;S
20240320;095938;158.6;20;9895270989;S
20240320;095938;158.6;10;9895270990;S
20240320;095938;158.6;10;9895270991;S
20240320;095938;158.6;20;9895270992;S
20240320;095938;158.6;60;9895270993;S
20240320;095938;158.6;50;9895270994;S
20240320;095938;158.6;30;9895270995;S
20240320;095938;158.6;10;9895270996;S
20240320;095938;158.6;20;9895270997;S
20240320;095938;158.6;10;9895270998;S
20240320;095938;158.6;10;9895270999;S
20240320;095938;158.6;10;9895271000;S
20240320;095938;158.6;20;9895271001;S
20240320;095938;158.6;20;9895271002;S
20240320;095938;158.6;10;9895271003;S
20240320;095938;158.6;120;9895271004;S
20240320;095938;158.6;30;9895271005;S
20240320;095938;158.6;20;9895271006;S
20240320;095938;158.6;20;9895271007;S
20240320;095938;158.6;10;9895271008;S
20240320;095938;158.6;10;9895271009;S
20240320;095938;158.6;1000;9895271010;S
20240320;095938;158.6;250;9895271011;S
20240320;095938;158.6;10;9895271012;S
20240320;095938;158.6;30;9895271013;S
20240320;095938;158.6;200;9895271014;S
20240320;095938;158.6;120;9895271015;S
20240320;095938;158.6;70;9895271016;S
20240320;095938;158.6;20;9895271017;S
20240320;095938;158.6;10;9895271018;S
20240320;095938;158.6;40;9895271019;S
20240320;095938;158.6;10;9895271020;S
20240320;095938;158.6;30;9895271021;S
20240320;095938;158.6;30;9895271022;S
20240320;095938;158.6;10;9895271023;S
20240320;095938;158.6;50;9895271024;S
20240320;095938;158.6;20;9895271025;S
20240320;095938;158.6;240;9895271026;S
20240320;095938;158.6;30;9895271027;S
20240320;095938;158.6;10;9895271028;S
20240320;095938;158.6;10;9895271029;S
20240320;095938;158.6;20;9895271030;S
20240320;095938;158.6;160;9895271031;S
20240320;095938;158.6;10;9895271032;S
20240320;095938;158.6;60;9895271033;S
20240320;095938;158.6;20;9895271034;S
20240320;095938;158.6;10;9895271035;S
20240320;095938;158.6;10;9895271036;S
20240320;095938;158.6;50;9895271037;S
20240320;095938;158.6;10;9895271038;S
20240320;095938;158.6;10;9895271039;S
20240320;095938;158.6;40;9895271040;S
20240320;095938;158.6;50;9895271041;S
20240320;095938;158.6;200;9895271042;S
20240320;095938;158.6;100;9895271043;B
20240320;095938;158.6;70;9895271044;B
20240320;095938;158.6;200;9895271045;B
20240320;095938;158.6;10;9895271046;S
20240320;095938;158.6;770;9895271047;S
20240320;095938;158.6;20;9895271048;S
20240320;095938;158.6;30;9895271049;B
20240320;095938;158.6;120;9895271050;B
20240320;095938;158.6;60;9895271051;B
20240320;095938;158.6;40;9895271052;B
20240320;095938;158.6;20;9895271053;S
20240320;095938;158.6;10;9895271054;S
20240320;095938;158.6;10;9895271055;S
20240320;095938;158.6;10;9895271056;S
20240320;095938;158.6;10;9895271057;S
20240320;095938;158.6;10;9895271058;S
20240320;095938;158.6;210;9895271059;B
20240320;095938;158.6;30;9895271060;B
20240320;095938;158.6;20;9895271061;S
20240320;095938;158.6;20;9895271062;S
20240320;095938;158.6;20;9895271063;S
20240320;095938;158.6;10;9895271064;S
20240320;095938;158.6;70;9895271065;S
20240320;095938;158.6;10;9895271066;S
20240320;095938;158.6;440;9895271067;S
20240320;095938;158.6;1000;9895271068;S
20240320;095938;158.6;50;9895271069;S
20240320;095938;158.6;100;9895271070;S
20240320;095938;158.6;100;9895271071;S
20240320;095938;158.6;100;9895271072;S
20240320;095938;158.6;480;9895271073;S
20240320;095938;158.6;450;9895271074;S
20240320;095938;158.6;10;9895271075;S
20240320;095938;158.6;1000;9895271076;S
20240320;095938;158.6;1000;9895271077;S
20240320;095938;158.6;1000;9895271078;S
20240320;095938;158.6;550;9895271079;S
20240320;095938;158.6;10;9895271080;S
20240320;095938;158.6;10;9895271081;S
20240320;095938;158.6;60;9895271082;S
20240320;095938;158.6;20;9895271083;S
20240320;095938;158.6;20;9895271084;S
20240320;095938;158.6;300;9895271085;S
20240320;095938;158.6;30;9895271086;S
20240320;095938;158.6;70;9895271087;S
20240320;095938;158.6;10;9895271088;S
20240320;095938;158.6;10;9895271089;S
20240320;095938;158.6;10;9895271090;S
20240320;095938;158.6;170;9895271091;S
20240320;095938;158.6;10;9895271092;S
20240320;095938;158.6;30;9895271093;S
20240320;095938;158.6;10;9895271094;S
20240320;095938;158.6;160;9895271095;S
20240320;095938;158.6;100;9895271096;B
20240320;095938;158.6;180;9895271097;B
20240320;095938;158.6;10;9895271098;S
20240320;095938;158.6;200;9895271099;B
20240320;095938;158.6;30;9895271100;S
20240320;095938;158.6;50;9895271101;S
20240320;095938;158.6;10;9895271102;B
20240320;095938;158.6;50;9895271103;S
20240320;095938;158.6;300;9895271104;S
20240320;095938;158.6;60;9895271105;B
20240320;095938;158.6;100;9895271106;B
20240320;095938;158.6;100;9895271107;B
20240320;095938;158.6;20;9895271108;S
20240320;095938;158.6;1000;9895271109;B
20240320;095938;158.6;10;9895271110;B
20240320;095938;158.6;110;9895271111;B
20240320;095938;158.6;20;9895271112;B
20240320;095938;158.6;500;9895271113;S
20240320;095938;158.6;60;9895271114;B
20240320;095938;158.6;10;9895271115;B
20240320;095938;158.6;1200;9895271116;B
20240320;095938;158.6;10;9895271117;B
20240320;095938;158.6;10;9895271118;B
20240320;095938;158.6;90;9895271119;S
20240320;095938;158.6;20;9895271120;S
20240320;095938;158.6;1680;9895271121;S
20240320;095938;158.6;10;9895271122;B
20240320;095938;158.6;570;9895271123;B
20240320;095938;158.6;10;9895271124;B
20240320;095938;158.6;10;9895271125;B
20240320;095938;158.6;20;9895271126;B
20240320;095938;158.6;10;9895271127;B
20240320;095938;158.6;10;9895271128;B
20240320;095938;158.6;10;9895271129;B
20240320;095938;158.6;10;9895271130;B
20240320;095938;158.6;10;9895271131;B
20240320;095938;158.6;10;9895271132;S
20240320;095938;158.6;10;9895271133;S
20240320;095938;158.6;120;9895271134;S
20240320;095938;158.6;30;9895271135;S
20240320;095938;158.6;20;9895271136;S
20240320;095938;158.6;40;9895271137;B
20240320;095938;158.6;30;9895271138;B
20240320;095938;158.6;10;9895271139;S
20240320;095938;158.6;40;9895271140;S
20240320;095938;158.6;10;9895271141;B
20240320;095938;158.6;40;9895271142;B
20240320;095938;158.6;30;9895271143;B
20240320;095938;158.6;10;9895271144;B
20240320;095938;158.6;10;9895271145;S
20240320;095938;158.6;40;9895271146;S
20240320;095938;158.6;40;9895271147;S
20240320;095938;158.6;10;9895271148;S
20240320;095938;158.6;10;9895271149;S
20240320;095938;158.6;100;9895271150;S
20240320;095938;158.6;70;9895271151;S
20240320;095938;158.6;100;9895271152;S
20240320;095938;158.6;10;9895271153;S
20240320;095938;158.6;500;9895271154;S
20240320;095938;158.6;200;9895271155;S
20240320;095938;158.6;460;9895271156;B
20240320;095938;158.6;10;9895271157;B
20240320;095938;158.6;30;9895271158;B
20240320;100000;158.6;300;9895275241;S
20240320;100000;158.6;450;9895275254;S
20240320;100000;158.6;20;9895275598;B
20240320;100000;158.59;20;9895275623;S
20240320;100000;158.59;20;9895275624;S
20240320;100000;158.59;260;9895275625;S
20240320;100000;158.58;100;9895275633;S
20240320;100000;158.58;400;9895275634;S
20240320;100000;158.58;200;9895275637;S
20240320;100000;158.58;300;9895275649;S
20240320;100000;158.58;100;9895275654;S
20240320;100000;158.57;20;9895275670;S
20240320;100000;158.57;50;9895275671;S
20240320;100000;158.57;20;9895275672;S
20240320;100000;158.57;310;9895275673;S
20240320;100000;158.57;400;9895275676;S
20240320;100000;158.57;400;9895275684;S
20240320;100000;158.57;400;9895275688;S
20240320;100000;158.57;100;9895275689;S
20240320;100000;158.57;200;9895275698;S
20240320;100000;158.57;300;9895275700;S
20240320;100000;158.57;500;9895275703;S
20240320;100000;158.57;390;9895275712;S
20240320;100000;158.57;10;9895275713;S
20240320;100000;158.57;10;9895275714;S
20240320;100000;158.57;90;9895275715;S
20240320;100000;158.57;100;9895275716;S
20240320;100000;158.57;10;9895275719;S
20240320;100000;158.57;290;9895275720;S
20240320;100000;158.57;100;9895275721;S
20240320;100000;158.58;400;9895275722;B
20240320;100000;158.58;240;9895275723;B
20240320;100000;158.58;400;9895275724;B
20240320;100000;158.58;100;9895275725;B
20240320;100000;158.58;100;9895275726;B
20240320;100000;158.58;100;9895275727;B
20240320;100000;158.58;300;9895275728;B
20240320;100000;158.58;500;9895275729;B
20240320;100000;158.58;30;9895275730;B
20240320;100000;158.57;500;9895275731;S
20240320;100000;158.57;500;9895275733;S
20240320;100000;158.57;400;9895275734;S
20240320;100000;158.57;100;9895275736;S
20240320;100000;158.57;200;9895275737;S
20240320;100000;158.57;110;9895275739;S
20240320;100000;158.56;40;9895275745;S
20240320;100000;158.56;70;9895275746;S
20240320;100000;158.56;10;9895275747;S
20240320;100000;158.56;960;9895275748;S
20240320;100000;158.56;100;9895275749;S
20240320;100000;158.56;10;9895275750;S
20240320;100000;158.56;10;9895275751;S
20240320;100000;158.56;450;9895275752;S
20240320;100000;158.56;350;9895275753;S
20240320;100000;158.56;400;9895275756;S
20240320;100000;158.56;300;9895275757;S
20240320;100000;158.56;300;9895275763;S
20240320;100000;158.56;850;9895275764;S
20240320;100001;158.55;10;9895275814;S
20240320;100001;158.55;10;9895275815;S
20240320;100001;158.55;10;9895275816;S
20240320;100001;158.55;10;9895275817;S
20240320;100001;158.55;10;9895275818;S
20240320;100001;158.55;10;9895275819;S
20240320;100001;158.55;10;9895275820;S
20240320;100001;158.55;10;9895275821;S
20240320;100001;158.55;370;9895275822;S
20240320;100001;158.56;200;9895276013;B
20240320;100001;158.56;100;9895276014;B
20240320;100001;158.55;300;9895276016;S
20240320;100001;158.56;50;9895276341;S
20240320;100001;158.56;250;9895276342;S
20240320;100001;158.56;100;9895276343;S
20240320;100001;158.56;100;9895276344;S
20240320;100002;158.56;10;9895276863;S
20240320;100002;158.56;150;9895276948;S
20240320;100002;158.56;50;9895276949;S
20240320;100002;158.56;300;9895276953;S
20240320;100002;158.56;300;9895276959;S
20240320;100002;158.56;200;9895276961;S
20240320;100002;158.56;300;9895276966;S
20240320;100002;158.56;200;9895276973;S
20240320;100002;158.56;300;9895276975;S
20240320;100002;158.56;200;9895276977;S
20240320;100002;158.55;130;9895277117;S
20240320;100002;158.55;170;9895277118;S
20240320;100003;158.56;500;9895277237;S
20240320;100003;158.56;300;9895277240;S
20240320;100003;158.56;200;9895277241;S
20240320;100003;158.56;500;9895277243;S
20240320;100003;158.56;500;9895277244;S
20240320;100004;158.56;500;9895277874;B
20240320;100005;158.56;40;9895278203;S
20240320;100005;158.57;10;9895278206;B
20240320;100005;158.56;10;9895278207;S
20240320;100005;158.57;10;9895278209;B
20240320;100005;158.57;20;9895278215;B
20240320;100005;158.57;10;9895278217;B
20240320;100005;158.57;100;9895278221;B
20240320;100005;158.57;10;9895278241;B
20240320;100005;158.57;30;9895278243;B
20240320;100005;158.57;70;9895278244;B
20240320;100005;158.57;50;9895278246;B
20240320;100005;158.57;60;9895278250;B
20240320;100005;158.57;10;9895278252;B
20240320;100005;158.57;20;9895278254;B
20240320;100005;158.57;290;9895278284;B
20240320;100005;158.57;110;9895278285;B
20240320;100005;158.56;310;9895278532;S
20240320;100005;158.55;1830;9895278533;S
20240320;100005;158.55;60;9895278534;S
20240320;100005;158.55;80;9895278535;S
20240320;100005;158.55;10;9895278536;S
20240320;100005;158.55;30;9895278537;S
20240320;100005;158.55;10;9895278538;S
20240320;100005;158.55;10;9895278539;S
20240320;100005;158.55;10;9895278540;S
20240320;100005;158.55;30;9895278541;S
20240320;100005;158.55;10;9895278542;S
20240320;100005;158.55;10;9895278543;S
20240320;100005;158.55;50;9895278544;S
20240320;100005;158.55;120;9895278545;S
20240320;100005;158.55;10;9895278546;S
20240320;100005;158.55;10;9895278547;S
20240320;100005;158.55;60;9895278548;S
20240320;100005;158.55;40;9895278549;S
20240320;100005;158.55;10;9895278550;S
20240320;100005;158.55;20;9895278551;S
20240320;100005;158.55;10;9895278552;S
20240320;100005;158.55;10;9895278553;S
20240320;100005;158.55;50;9895278554;S
20240320;100005;158.55;10;9895278555;S
20240320;100005;158.55;10;9895278556;S
20240320;100005;158.55;10;9895278557;S
20240320;100005;158.55;10;9895278558;S
20240320;100005;158.55;10;9895278559;S
20240320;100005;158.55;10;9895278560;S
20240320;100005;158.55;100;9895278561;S
20240320;100005;158.55;10;9895278562;S
20240320;100005;158.55;50;9895278563;S
20240320;100005;158.55;30;9895278564;S
20240320;100005;158.55;20;9895278565;S
20240320;100005;158.55;10;9895278566;S
20240320;100005;158.55;20;9895278567;S
20240320;100005;158.55;20;9895278568;S
20240320;100005;158.55;10;9895278569;S
20240320;100005;158.55;500;9895278570;S
20240320;100005;158.55;10;9895278571;S
20240320;100005;158.55;10;9895278572;S
20240320;100005;158.55;10;9895278573;S
20240320;100005;158.55;20;9895278574;S
20240320;100005;158.55;200;9895278575;S
20240320;100005;158.55;10;9895278576;S
20240320;100005;158.55;10;9895278577;S
20240320;100005;158.55;10;9895278578;S
20240320;100005;158.55;10;9895278579;S
20240320;100005;158.55;10;9895278580;S
20240320;100005;158.55;30;9895278581;S
20240320;100005;158.55;10;9895278582;S
20240320;100005;158.55;10;9895278583;S
20240320;100005;158.55;10;9895278584;S
20240320;100005;158.55;130;9895278585;S
20240320;100005;158.55;10;9895278586;S
20240320;100005;158.55;10;9895278587;S
20240320;100005;158.55;20;9895278588;S
20240320;100005;158.55;100;9895278589;S
20240320;100005;158.55;210;9895278590;S
20240320;100005;158.55;20;9895278591;S
20240320;100005;158.55;10;9895278592;S
20240320;100005;158.55;10;9895278593;S
20240320;100005;158.55;70;9895278594;S
20240320;100005;158.55;40;9895278595;S
20240320;100005;158.55;20;9895278596;S
20240320;100005;158.55;140;9895278597;S
20240320;100005;158.55;260;9895278598;S
20240320;100005;158.55;10;9895278599;S
20240320;100005;158.55;10;9895278600;S
20240320;100005;158.55;500;9895278601;S
20240320;100005;158.55;10;9895278602;S
20240320;100005;158.55;50;9895278603;S
20240320;100005;158.55;20;9895278604;S
20240320;100005;158.55;300;9895278605;S
20240320;100005;158.55;500;9895278606;S
20240320;100005;158.55;10;9895278607;S
20240320;100005;158.55;1000;9895278608;S
20240320;100005;158.55;300;9895278609;S
20240320;100005;158.55;300;9895278610;S
20240320;100005;158.55;100;9895278611;S
20240320;100005;158.55;10;9895278612;S
20240320;100005;158.55;10;9895278613;S
20240320;100005;158.55;30;9895278614;S
20240320;100005;158.55;10;9895278615;S
20240320;100005;158.55;500;9895278616;S
20240320;100005;158.55;200;9895278617;S
20240320;100005;158.55;140;9895278618;S
20240320;100005;158.55;10;9895278619;S
20240320;100005;158.55;2500;9895278620;S
20240320;100005;158.55;100;9895278621;S
20240320;100005;158.55;30;9895278622;S
20240320;100005;158.55;50;9895278623;S
20240320;100005;158.55;100;9895278624;S
20240320;100005;158.55;10;9895278625;S
20240320;100005;158.55;10;9895278626;S
20240320;100005;158.55;50;9895278627;S
20240320;100005;158.55;100;9895278628;S
20240320;100005;158.55;40;9895278636;S
20240320;100005;158.55;10;9895278637;S
20240320;100005;158.55;60;9895278638;S
20240320;100005;158.55;10;9895278639;S
20240320;100005;158.55;10;9895278640;S
20240320;100005;158.55;100;9895278641;S
20240320;100005;158.55;20;9895278642;S
20240320;100005;158.55;50;9895278643;S
20240320;100005;158.55;100;9895278645;S
20240320;100005;158.55;30;9895278678;S
20240320;100005;158.57;10;9895278799;B
20240320;100005;158.57;10;9895278803;B
20240320;100005;158.57;10;9895278808;B
20240320;100005;158.57;10;9895278810;B
20240320;100005;158.55;10;9895278811;S
20240320;100005;158.57;10;9895278812;B
20240320;100005;158.57;10;9895278814;B
20240320;100005;158.57;10;9895278815;B
20240320;100005;158.57;10;9895278822;B
20240320;100005;158.57;10;9895278823;B
20240320;100005;158.57;10;9895278824;B
20240320;100005;158.57;20;9895278829;B
20240320;100005;158.57;10;9895278836;B
20240320;100005;158.57;30;9895278838;B
20240320;100005;158.57;10;9895278839;B
20240320;100005;158.57;10;9895278840;B
20240320;100005;158.57;20;9895278842;B
20240320;100005;158.57;10;9895278844;B
20240320;100005;158.55;10;9895278845;S
20240320;100005;158.55;10;9895278847;S
20240320;100005;158.54;10;9895278848;S
20240320;100005;158.57;10;9895278851;B
20240320;100005;158.54;10;9895278852;S
20240320;100005;158.54;500;9895278853;S
20240320;100005;158.54;20;9895278854;S
20240320;100005;158.54;380;9895278855;S
20240320;100005;158.54;10;9895278856;S
20240320;100005;158.54;610;9895278857;S
20240320;100005;158.54;20;9895278860;S
20240320;100005;158.54;80;9895278861;S
20240320;100005;158.54;300;9895278863;S
20240320;100005;158.54;600;9895278864;S
20240320;100005;158.54;20;9895278865;S
20240320;100005;158.54;20;9895278866;S
20240320;100005;158.54;960;9895278867;S
20240320;100005;158.54;300;9895278870;S
20240320;100005;158.57;10;9895278903;B
20240320;100006;158.57;20;9895279253;B
20240320;100006;158.57;10;9895279262;B
20240320;100006;158.57;10;9895279267;B
20240320;100006;158.57;100;9895279346;B
20240320;100006;158.57;10;9895279380;B
20240320;100006;158.57;10;9895279382;B
20240320;100006;158.57;30;9895279383;B
20240320;100006;158.57;10;9895279514;B
20240320;100006;158.57;10;9895279516;B
20240320;100006;158.55;10;9895279520;S
20240320;100006;158.54;10;9895279521;S
20240320;100006;158.53;40;9895279522;S
20240320;100006;158.57;10;9895279524;B
20240320;100006;158.53;10;9895279525;S
20240320;100006;158.53;10;9895279528;S
20240320;100006;158.57;10;9895279529;B
20240320;100006;158.53;20;9895279530;S
20240320;100006;158.57;10;9895279780;B
20240320;100006;158.57;10;9895279782;B
20240320;100006;158.57;10;9895279783;B
20240320;100006;158.53;10;9895279784;S
20240320;100007;158.57;10;9895280165;B
20240320;100007;158.57;180;9895280169;B
20240320;100007;158.57;10;9895280175;B
20240320;100007;158.57;20;9895280186;B
20240320;100007;158.57;80;9895280492;B
20240320;100007;158.57;100;9895280493;B
20240320;100007;158.57;80;9895280494;B
20240320;100007;158.54;10;9895280544;S
20240320;100007;158.53;10;9895280545;S
20240320;100007;158.57;10;9895280551;B
20240320;100007;158.57;10;9895280553;B
20240320;100007;158.53;20;9895280558;S
20240320;100007;158.53;580;9895280561;S
20240320;100007;158.53;10;9895280562;S
20240320;100007;158.57;10;9895280889;B
20240320;100007;158.53;10;9895280891;S
20240320;100007;158.53;60;9895280892;S
20240320;100007;158.57;10;9895280895;B
20240320;100007;158.57;10;9895280901;B
20240320;100007;158.53;40;9895280905;S
20240320;100007;158.53;220;9895280906;S
20240320;100007;158.57;100;9895280913;B
20240320;100007;158.57;10;9895280925;B
20240320;100007;158.57;10;9895280928;B
20240320;100007;158.57;10;9895280967;B
20240320;100007;158.57;10;9895280968;B
20240320;100007;158.53;30;9895281036;S
20240320;100007;158.53;10;9895281046;S
20240320;100007;158.52;10;9895281050;S
20240320;100007;158.57;10;9895281061;B
20240320;100007;158.52;130;9895281063;S
20240320;100007;158.52;10;9895281255;S
20240320;100007;158.52;90;9895281272;S
20240320;100007;158.57;20;9895281277;B
20240320;100007;158.57;30;9895281278;B
20240320;100007;158.52;10;9895281456;S
20240320;100007;158.52;10;9895281459;S
20240320;100007;158.57;10;9895281461;B
20240320;100007;158.57;10;9895281463;B
20240320;100007;158.52;20;9895281648;S
20240320;100007;158.57;10;9895281649;B
20240320;100007;158.52;10;9895281652;S
20240320;100007;158.57;100;9895281773;B
20240320;100007;158.57;10;9895281778;B
20240320;100007;158.54;20;9895281783;S
20240320;100007;158.57;10;9895281784;B
20240320;100008;158.57;20;9895282049;B
20240320;100008;158.57;240;9895282050;B
20240320;100008;158.57;410;9895282051;B
20240320;100008;158.57;300;9895282052;B
20240320;100008;158.58;30;9895282053;B
20240320;100008;158.54;10;9895282152;S
20240320;100008;158.57;10;9895282153;B
20240320;100008;158.54;10;9895282154;S
20240320;100008;158.57;10;9895282155;B
20240320;100008;158.54;10;9895282156;S
20240320;100008;158.54;50;9895282157;S
20240320;100008;158.52;200;9895282158;S
20240320;100008;158.57;190;9895282315;B
20240320;100008;158.52;10;9895282346;S
20240320;100008;158.57;10;9895282352;B
20240320;100008;158.57;10;9895282517;B
20240320;100008;158.57;10;9895282519;B
20240320;100008;158.57;20;9895282665;B
20240320;100009;158.57;10;9895283035;B
20240320;100009;158.57;50;9895283036;B
20240320;100009;158.57;10;9895283279;B
20240320;100010;158.53;20;9895283441;S
20240320;100010;158.57;10;9895283497;B
20240320;100010;158.57;60;9895283748;B
20240320;100011;158.57;50;9895283793;B
20240320;100011;158.57;10;9895283911;B
20240320;100012;158.57;20;9895284319;B
20240320;100012;158.58;180;9895284320;B
20240320;100013;158.57;100;9895284656;B
20240320;100014;158.57;10;9895285051;B
20240320;100015;158.57;130;9895285177;B
20240320;100015;158.58;260;9895285178;B
20240320;100015;158.58;110;9895285179;B
20240320;100015;158.58;130;9895285213;B
20240320;100015;158.58;2000;9895285214;B
20240320;100015;158.59;240;9895285215;B
20240320;100015;158.59;410;9895285216;B
20240320;100015;158.59;300;9895285217;B
20240320;100015;158.6;240;9895285218;B
20240320;100015;158.61;300;9895285219;B
20240320;100015;158.61;300;9895285220;B
20240320;100015;158.61;300;9895285221;B
20240320;100015;158.61;300;9895285222;B
20240320;100015;158.61;200;9895285223;B
20240320;100015;158.61;100;9895285224;B
20240320;100015;158.61;240;9895285225;B
20240320;100015;158.61;370;9895285226;B
20240320;100016;158.59;40;9895285575;B
20240320;100019;158.59;2000;9895286006;B
20240320;100019;158.59;300;9895286007;B
20240320;100019;158.6;240;9895286008;B
20240320;100019;158.6;300;9895286009;S
20240320;100019;158.6;200;9895286010;S
20240320;100019;158.6;100;9895286011;S
20240320;100019;158.6;100;9895286012;S
20240320;100019;158.6;100;9895286013;S
20240320;100019;158.6;200;9895286014;S
20240320;100019;158.6;500;9895286016;S
20240320;100019;158.6;500;9895286017;S
20240320;100019;158.6;460;9895286018;S
20240320;100019;158.6;10;9895286032;B
20240320;100021;158.6;30;9895286892;B
20240320;100022;158.6;20;9895286963;B
20240320;100022;158.6;10;9895286999;B
20240320;100022;158.58;10;9895287001;S
20240320;100022;158.58;10;9895287023;S
20240320;100023;158.58;20;9895287230;S
20240320;100024;158.58;10;9895287509;S
20240320;100024;158.58;50;9895287532;S
20240320;100024;158.57;10;9895287533;S
20240320;100024;158.6;50;9895287551;B
20240320;100024;158.6;10;9895287587;B
20240320;100024;158.6;50;9895287591;B
20240320;100025;158.58;40;9895287857;S
20240320;100025;158.59;10;9895287865;B
20240320;100027;158.59;180;9895288238;B
20240320;100027;158.59;10;9895288412;B
20240320;100027;158.59;100;9895288431;B
20240320;100028;158.59;50;9895288507;B
20240320;100028;158.59;30;9895288594;B
20240320;100028;158.59;190;9895288626;B
20240320;100030;158.59;80;9895289036;B
20240320;100030;158.6;360;9895289037;B
20240320;100030;158.6;300;9895289038;B
20240320;100030;158.6;200;9895289039;B
20240320;100030;158.6;100;9895289040;B
20240320;100030;158.6;100;9895289041;B
20240320;100030;158.6;300;9895289042;S
20240320;100030;158.6;200;9895289043;S
20240320;100030;158.6;500;9895289044;S
20240320;100030;158.6;300;9895289045;S
20240320;100030;158.6;200;9895289047;S
20240320;100030;158.6;100;9895289049;S
20240320;100030;158.6;300;9895289050;S
20240320;100030;158.6;100;9895289051;S
20240320;100030;158.6;500;9895289052;S
20240320;100030;158.6;500;9895289053;S
20240320;100030;158.6;300;9895289054;S
20240320;100030;158.6;200;9895289055;S
20240320;100030;158.6;500;9895289056;S
20240320;100030;158.6;300;9895289057;S
20240320;100030;158.6;200;9895289058;S
20240320;100030;158.6;100;9895289059;S
20240320;100030;158.6;400;9895289060;S
20240320;100030;158.6;500;9895289061;S
20240320;100030;158.6;100;9895289062;S
20240320;100030;158.6;260;9895289063;S
20240320;100030;158.59;50;9895289126;B
20240320;100031;158.59;30;9895289285;B
20240320;100031;158.58;10;9895289382;S
20240320;100031;158.58;50;9895289383;S
20240320;100031;158.57;10;9895289384;S
20240320;100031;158.57;10;9895289385;S
20240320;100031;158.57;130;9895289386;S
20240320;100031;158.54;100;9895289387;S
20240320;100031;158.53;50;9895289388;S
20240320;100031;158.53;10;9895289389;S
20240320;100031;158.53;30;9895289390;S
20240320;100031;158.53;190;9895289391;S
20240320;100031;158.53;320;9895289401;S
20240320;100031;158.53;20;9895289432;B
20240320;100031;158.52;110;9895289541;S
20240320;100032;158.52;20;9895289558;S
20240320;100032;158.53;160;9895289573;B
20240320;100032;158.57;260;9895289574;B
20240320;100032;158.59;80;9895289575;B
20240320;100032;158.53;300;9895289576;S
20240320;100032;158.53;100;9895289605;B
20240320;100032;158.53;100;9895289610;B
20240320;100032;158.59;100;9895289611;B
20240320;100032;158.53;10;9895289641;B
20240320;100033;158.53;10;9895289785;B
20240320;100033;158.52;10;9895289796;S
20240320;100033;158.53;10;9895289830;B
20240320;100033;158.53;470;9895289888;B
20240320;100033;158.58;300;9895289889;B
20240320;100033;158.58;10;9895289890;B
20240320;100033;158.59;220;9895289891;B
20240320;100033;158.53;500;9895289892;S
20240320;100033;158.53;500;9895289893;S
20240320;100033;158.53;500;9895289894;S
20240320;100033;158.53;400;9895289895;S
20240320;100033;158.52;10;9895289921;S
20240320;100033;158.53;10;9895289957;B
20240320;100034;158.53;80;9895290058;B
20240320;100034;158.53;10;9895290119;B
20240320;100034;158.58;390;9895290121;S
20240320;100034;158.57;500;9895290177;B
20240320;100035;158.59;20;9895290260;B
20240320;100035;158.59;10;9895290348;B
20240320;100036;158.59;200;9895290443;B
20240320;100036;158.59;300;9895290444;B
20240320;100036;158.59;110;9895290475;B
20240320;100036;158.6;40;9895290476;B
20240320;100036;158.6;100;9895290477;B
20240320;100036;158.6;500;9895290478;B
20240320;100036;158.6;500;9895290479;B
20240320;100036;158.6;300;9895290480;B
20240320;100036;158.6;200;9895290481;B
20240320;100036;158.6;500;9895290482;B
20240320;100036;158.6;300;9895290483;B
20240320;100036;158.6;200;9895290484;B
20240320;100036;158.6;2200;9895290485;B
20240320;100036;158.61;330;9895290486;B
20240320;100036;158.61;800;9895290487;B
20240320;100036;158.61;2000;9895290488;B
20240320;100036;158.61;300;9895290489;B
20240320;100036;158.62;240;9895290490;B
20240320;100036;158.63;240;9895290491;B
20240320;100036;158.63;1000;9895290492;B
20240320;100036;158.64;240;9895290493;B
20240320;100036;158.64;1000;9895290494;B
20240320;100036;158.64;500;9895290495;B
20240320;100036;158.65;240;9895290496;B
20240320;100036;158.65;1000;9895290497;B
20240320;100036;158.66;10;9895290498;B
20240320;100036;158.66;240;9895290499;B
20240320;100036;158.66;1000;9895290500;B
20240320;100036;158.66;3800;9895290501;B
20240320;100036;158.66;1900;9895290502;B
20240320;100036;158.67;10;9895290503;B
20240320;100036;158.67;240;9895290504;B
20240320;100036;158.67;1000;9895290505;B
20240320;100036;158.67;8000;9895290506;B
20240320;100036;158.67;2000;9895290507;B
20240320;100036;158.68;10;9895290508;B
20240320;100036;158.68;240;9895290509;B
20240320;100036;158.68;1000;9895290510;B
20240320;100036;158.69;240;9895290511;B
20240320;100036;158.69;1000;9895290512;B
20240320;100036;158.7;20;9895290513;B
20240320;100036;158.7;10;9895290514;B
20240320;100036;158.7;240;9895290515;B
20240320;100036;158.7;700;9895290516;B
20240320;100036;158.7;1000;9895290517;B
20240320;100036;158.7;4500;9895290518;B
20240320;100036;158.66;10;9895290531;B
20240320;100036;158.66;2000;9895290589;B
20240320;100036;158.67;400;9895290590;B
20240320;100036;158.68;300;9895290591;B
20240320;100036;158.68;240;9895290592;B
20240320;100036;158.69;60;9895290593;B
20240320;100036;158.68;10;9895290598;B
20240320;100037;158.61;300;9895290655;S
20240320;100037;158.61;200;9895290656;S
20240320;100037;158.61;500;9895290657;S
20240320;100037;158.61;500;9895290658;S
20240320;100037;158.62;300;9895290659;S
20240320;100037;158.61;200;9895290660;S
20240320;100037;158.62;300;9895290661;S
20240320;100037;158.6;20;9895290736;S
20240320;100037;158.61;10;9895291045;B
20240320;100037;158.6;4480;9895291072;S
20240320;100037;158.6;300;9895291073;S
20240320;100037;158.6;390;9895291074;S
20240320;100039;158.61;20;9895291587;B
20240320;100039;158.61;170;9895291845;B
20240320;100039;158.61;330;9895291846;B
20240320;100039;158.61;10;9895291881;B
20240320;100040;158.61;40;9895292035;B
20240320;100040;158.59;10;9895292115;S
20240320;100040;158.61;120;9895292138;B
20240320;100040;158.61;410;9895292139;B
20240320;100040;158.61;90;9895292173;B
20240320;100040;158.61;500;9895292174;B
20240320;100040;158.61;280;9895292175;B
20240320;100040;158.61;220;9895292194;B
20240320;100040;158.62;300;9895292198;S
20240320;100040;158.62;200;9895292199;S
20240320;100040;158.62;170;9895292202;S
20240320;100040;158.61;130;9895292203;S
20240320;100040;158.62;200;9895292204;S
20240320;100040;158.61;500;9895292205;S
20240320;100040;158.61;300;9895292206;S
20240320;100041;158.62;10;9895292208;B
20240320;100041;158.62;180;9895292307;B
20240320;100041;158.62;310;9895292333;B
20240320;100041;158.64;190;9895292334;B
20240320;100042;158.66;1680;9895292455;B
20240320;100042;158.66;80;9895292540;B
20240320;100042;158.66;10;9895292558;B
20240320;100043;158.64;7060;9895292768;B
20240320;100043;158.65;2000;9895292769;B
20240320;100043;158.65;300;9895292770;B
20240320;100043;158.67;10;9895292771;B
20240320;100043;158.68;240;9895292772;B
20240320;100043;158.68;390;9895292773;B
20240320;100043;158.63;100;9895292801;S
20240320;100043;158.62;180;9895292802;S
20240320;100043;158.66;10;9895292825;B
20240320;100044;158.66;2000;9895292992;B
20240320;100044;158.66;500;9895292995;S
20240320;100044;158.66;330;9895292996;S
20240320;100044;158.62;10;9895293085;S
20240320;100044;158.62;100;9895293188;S
20240320;100044;158.66;10;9895293189;B
20240320;100044;158.66;160;9895293196;B
20240320;100044;158.66;300;9895293197;B
20240320;100044;158.66;200;9895293198;B
20240320;100044;158.66;500;9895293199;B
20240320;100044;158.66;300;9895293200;B
20240320;100044;158.66;200;9895293201;B
20240320;100044;158.66;100;9895293202;B
20240320;100044;158.66;400;9895293203;B
20240320;100044;158.66;500;9895293204;B
20240320;100044;158.66;100;9895293205;B
20240320;100044;158.66;70;9895293206;B
20240320;100044;158.66;230;9895293212;B
20240320;100044;158.66;100;9895293213;B
20240320;100044;158.66;500;9895293215;S
20240320;100044;158.67;300;9895293216;S
20240320;100044;158.66;200;9895293217;S
20240320;100044;158.66;300;9895293218;S
20240320;100044;158.66;200;9895293219;S
20240320;100044;158.66;500;9895293220;S
20240320;100045;158.69;190;9895293315;B
20240320;100046;158.69;10;9895293501;B
20240320;100046;158.69;10;9895293664;B
20240320;100046;158.69;50;9895293665;B
20240320;100047;158.69;20;9895293747;B
20240320;100048;158.69;10;9895294150;B
20240320;100048;158.68;100;9895294227;S
20240320;100048;158.69;500;9895294236;B
20240320;100048;158.69;300;9895294250;B
20240320;100049;158.69;10;9895294540;B
20240320;100049;158.65;10;9895294631;S
20240320;100050;158.69;40;9895294882;B
20240320;100051;158.69;1000;9895295107;B
20240320;100051;158.69;20;9895295297;B
20240320;100051;158.7;30;9895295303;B
20240320;100052;158.69;100;9895295373;S
20240320;100052;158.69;100;9895295374;S
20240320;100052;158.69;300;9895295375;S
20240320;100052;158.69;100;9895295376;S
20240320;100052;158.7;20;9895295472;B
20240320;100052;158.7;40;9895295539;B
20240320;100052;158.7;10;9895295552;B
20240320;100052;158.71;10;9895295553;B
20240320;100052;158.72;170;9895295554;B
20240320;100052;158.71;100;9895295611;B
20240320;100053;158.69;100;9895295722;S
20240320;100053;158.69;100;9895295723;S
20240320;100054;158.71;5970;9895295976;B
20240320;100054;158.72;330;9895295977;B
20240320;100054;158.72;20;9895295978;B
20240320;100054;158.73;100;9895295979;B
20240320;100054;158.73;2080;9895295980;B
20240320;100054;158.73;20;9895295995;B
20240320;100055;158.73;10;9895296246;B
20240320;100056;158.73;10;9895296330;B
20240320;100057;158.73;60;9895296555;B
20240320;100057;158.71;100;9895296689;S
20240320;100057;158.7;10;9895296690;S
20240320;100057;158.69;590;9895296691;S
20240320;100058;158.69;300;9895296773;S
20240320;100058;158.69;1700;9895296774;S
20240320;100058;158.73;70;9895296798;B
20240320;100058;158.73;30;9895296799;B
20240320;100058;158.73;50;9895296882;B
20240320;100058;158.73;10;9895296945;B
20240320;100059;158.73;10;9895297053;B
20240320;100100;158.73;10;9895297384;B
20240320;100100;158.69;200;9895297385;S
20240320;100100;158.73;140;9895297476;B
20240320;100105;158.72;10;9895298728;B
20240320;100105;158.7;10;9895298729;S
20240320;100105;158.7;90;9895298730;S
20240320;100106;158.7;10;9895298867;S
20240320;100106;158.69;210;9895298868;S
20240320;100106;158.68;200;9895298869;S
20240320;100107;158.68;10;9895299199;B
20240320;100107;158.68;10;9895299200;B
20240320;100108;158.68;20;9895299495;B
20240320;100109;158.68;10;9895299695;B
20240320;100109;158.69;290;9895299696;B
20240320;100109;158.7;290;9895299697;B
20240320;100109;158.73;9410;9895299698;B
20240320;100110;158.73;30;9895299826;B
20240320;100112;158.7;100;9895300269;S
20240320;100112;158.7;100;9895300270;S
20240320;100112;158.7;300;9895300271;S
20240320;100112;158.7;100;9895300415;B
20240320;100114;158.7;100;9895300613;B
20240320;100114;158.72;30;9895300614;B
20240320;100114;158.72;10;9895300734;B
20240320;100116;158.72;200;9895300980;B
20240320;100118;158.7;20;9895301357;S
20240320;100120;158.72;10;9895301666;B
20240320;100122;158.71;10;9895302005;S
20240320;100122;158.7;40;9895302006;S
20240320;100122;158.7;360;9895302007;S
20240320;100122;158.69;100;9895302008;S
20240320;100122;158.69;20;9895302009;S
20240320;100122;158.69;570;9895302010;S
20240320;100122;158.7;30;9895302098;B
20240320;100122;158.7;240;9895302188;B
20240320;100124;158.7;1000;9895302462;B
20240320;100124;158.69;100;9895302476;S
20240320;100124;158.68;40;9895302477;S
20240320;100124;158.68;360;9895302478;S
20240320;100124;158.67;250;9895302479;S
20240320;100124;158.67;250;9895302480;S
20240320;100124;158.7;500;9895302521;B
20240320;100125;158.7;200;9895302563;B
20240320;100126;158.69;20;9895302862;S
20240320;100129;158.7;60;9895303472;B
20240320;100129;158.7;300;9895303473;B
20240320;100129;158.7;270;9895303474;S
20240320;100129;158.69;80;9895303475;S
20240320;100129;158.68;20;9895303476;S
20240320;100129;158.68;350;9895303477;S
20240320;100129;158.67;1100;9895303478;S
20240320;100131;158.68;200;9895303829;B
20240320;100132;158.68;10;9895303883;B
20240320;100132;158.68;100;9895303976;B
20240320;100136;158.68;2500;9895304659;B
20240320;100136;158.67;100;9895304773;S
20240320;100136;158.67;200;9895304774;S
20240320;100136;158.67;810;9895304775;S
20240320;100136;158.66;180;9895304891;S
20240320;100136;158.65;20;9895304892;S
20240320;100136;158.65;1000;9895304893;S
20240320;100136;158.65;10;9895304894;S
20240320;100136;158.65;10;9895304895;S
20240320;100136;158.64;1000;9895304896;S
20240320;100136;158.64;350;9895304897;S
20240320;100136;158.63;740;9895304898;S
20240320;100136;158.63;260;9895305074;S
20240320;100136;158.62;1000;9895305075;S
20240320;100136;158.62;40;9895305076;S
20240320;100136;158.62;500;9895305077;S
20240320;100136;158.62;10;9895305078;S
20240320;100136;158.62;350;9895305079;S
20240320;100136;158.61;10;9895305080;S
20240320;100136;158.61;1000;9895305081;S
20240320;100136;158.61;290;9895305082;S
20240320;100136;158.61;10;9895305083;S
20240320;100136;158.61;10;9895305084;S
20240320;100136;158.61;100;9895305085;S
20240320;100136;158.61;2200;9895305086;S
20240320;100136;158.6;1000;9895305087;S
20240320;100136;158.6;20;9895305088;S
20240320;100136;158.6;590;9895305089;S
20240320;100136;158.6;60;9895305090;S
20240320;100136;158.6;240;9895305091;S
20240320;100136;158.6;2500;9895305092;S
20240320;100136;158.59;1000;9895305093;S
20240320;100136;158.59;10;9895305094;S
20240320;100136;158.59;240;9895305095;S
20240320;100136;158.58;10;9895305096;S
20240320;100136;158.58;440;9895305097;S
20240320;100136;158.65;100;9895305098;B
20240320;100137;158.63;10;9895305169;B
20240320;100138;158.63;200;9895305427;B
20240320;100138;158.63;10;9895305479;B
20240320;100139;158.59;1000;9895305717;S
20240320;100139;158.59;1000;9895305719;S
20240320;100140;158.62;30;9895305806;B
20240320;100140;158.59;1000;9895305871;S
20240320;100141;158.63;10;9895306008;B
20240320;100142;158.61;300;9895306311;B
20240320;100142;158.62;340;9895306312;B
20240320;100142;158.63;620;9895306313;B
20240320;100143;158.62;100;9895306615;B
20240320;100144;158.62;180;9895306702;B
20240320;100144;158.62;20;9895306718;B
20240320;100145;158.6;100;9895306830;S
20240320;100145;158.59;100;9895306831;S
20240320;100145;158.58;560;9895306832;S
20240320;100145;158.58;240;9895306833;S
20240320;100148;158.62;20;9895307649;B
20240320;100149;158.62;10;9895307750;B
20240320;100150;158.62;40;9895307876;B
20240320;100150;158.62;20;9895307913;B
20240320;100152;158.62;210;9895308259;B
20240320;100152;158.62;330;9895308260;B
20240320;100152;158.62;20;9895308261;B
20240320;100152;158.63;270;9895308262;B
20240320;100152;158.62;20;9895308298;B
20240320;100153;158.6;50;9895308395;S
20240320;100153;158.59;50;9895308396;S
20240320;100153;158.62;10;9895308409;B
20240320;100153;158.62;20;9895308412;B
20240320;100154;158.62;30;9895308634;B
20240320;100155;158.59;100;9895308647;S
20240320;100155;158.59;30;9895308648;S
20240320;100155;158.58;1260;9895308649;S
20240320;100155;158.58;60;9895308650;S
20240320;100155;158.58;330;9895308651;S
20240320;100155;158.57;1000;9895308652;S
20240320;100155;158.57;10;9895308653;S
20240320;100155;158.56;1000;9895308654;S
20240320;100155;158.56;240;9895308655;S
20240320;100155;158.56;120;9895308656;S
20240320;100155;158.56;100;9895308657;S
20240320;100155;158.55;240;9895308658;S
20240320;100155;158.55;1000;9895308659;S
20240320;100155;158.55;650;9895308660;S
20240320;100155;158.55;10;9895308661;S
20240320;100155;158.55;1000;9895308662;S
20240320;100155;158.55;630;9895308663;S
20240320;100155;158.54;10;9895308664;S
20240320;100155;158.54;240;9895308665;S
20240320;100155;158.54;1000;9895308666;S
20240320;100155;158.53;50;9895308667;S
20240320;100155;158.53;240;9895308668;S
20240320;100155;158.53;1000;9895308669;S
20240320;100155;158.53;500;9895308670;S
20240320;100155;158.52;14360;9895308671;S
20240320;100155;158.52;10;9895308672;S
20240320;100155;158.52;400;9895308673;S
20240320;100155;158.52;10;9895308674;S
20240320;100155;158.52;240;9895308675;S
20240320;100155;158.52;1000;9895308676;S
20240320;100155;158.52;300;9895308677;S
20240320;100156;158.52;10;9895308894;B
20240320;100156;158.52;40;9895308904;B
20240320;100156;158.52;60;9895308915;B
20240320;100157;158.51;190;9895309109;S
20240320;100158;158.51;100;9895309177;S
20240320;100159;158.52;240;9895309391;S
20240320;100159;158.52;10;9895309392;S
20240320;100159;158.51;710;9895309393;S
20240320;100159;158.51;240;9895309394;S
20240320;100159;158.51;1000;9895309395;S
20240320;100159;158.51;30;9895309396;S
20240320;100159;158.51;2200;9895309397;S
20240320;100159;158.51;50;9895309398;S
20240320;100159;158.51;10;9895309399;S
20240320;100159;158.51;20;9895309400;S
20240320;100159;158.51;100;9895309401;S
20240320;100159;158.51;100;9895309402;S
20240320;100159;158.5;10;9895309403;S
20240320;100159;158.5;10;9895309404;S
20240320;100159;158.5;10;9895309405;S
20240320;100159;158.5;60;9895309406;S
20240320;100159;158.5;480;9895309407;S
20240320;100159;158.5;10;9895309408;S
20240320;100159;158.5;20;9895309409;S
20240320;100159;158.5;10;9895309410;S
20240320;100159;158.5;10;9895309411;S
20240320;100159;158.5;20;9895309412;S
20240320;100159;158.5;10;9895309413;S
20240320;100159;158.5;20;9895309414;S
20240320;100159;158.5;2550;9895309415;S
20240320;100159;158.5;120;9895309416;S
20240320;100159;158.5;10;9895309417;S
20240320;100159;158.5;90;9895309418;S
20240320;100159;158.5;10;9895309419;S
20240320;100159;158.5;20;9895309420;S
20240320;100159;158.5;10;9895309421;S
20240320;100159;158.5;10;9895309422;S
20240320;100159;158.5;150;9895309423;S
20240320;100159;158.5;20;9895309424;S
20240320;100159;158.5;140;9895309425;S
20240320;100159;158.5;40;9895309426;S
20240320;100159;158.5;10;9895309427;S
20240320;100159;158.5;20;9895309428;S
20240320;100159;158.5;20;9895309429;S
20240320;100159;158.5;10;9895309430;S
20240320;100159;158.5;10;9895309431;S
20240320;100159;158.5;40;9895309432;S
20240320;100159;158.5;50;9895309433;S
20240320;100159;158.5;10;9895309434;S
20240320;100159;158.5;10;9895309435;S
20240320;100159;158.5;10;9895309436;S
20240320;100159;158.5;10;9895309437;S
20240320;100159;158.5;10;9895309438;S
20240320;100159;158.5;100;9895309439;S
20240320;100159;158.5;10;9895309440;S
20240320;100159;158.5;10;9895309441;S
20240320;100159;158.5;20;9895309442;S
20240320;100159;158.5;10;9895309443;S
20240320;100159;158.5;1000;9895309444;S
20240320;100159;158.5;240;9895309445;S
20240320;100159;158.5;10;9895309446;S
20240320;100159;158.5;330;9895309447;S
20240320;100159;158.5;30;9895309448;S
20240320;100200;158.49;50;9895309553;S
20240320;100200;158.49;40;9895309631;S
20240320;100200;158.49;1000;9895309632;S
20240320;100200;158.49;240;9895309633;S
20240320;100200;158.49;20;9895309634;S
20240320;100200;158.49;1000;9895309656;S
20240320;100200;158.5;490;9895309667;B
20240320;100201;158.49;1000;9895309701;S
20240320;100201;158.49;240;9895309702;S
20240320;100201;158.48;10;9895309703;S
20240320;100201;158.48;50;9895309704;S
20240320;100201;158.48;1000;9895309705;S
20240320;100201;158.48;240;9895309706;S
20240320;100201;158.47;1000;9895309707;S
20240320;100201;158.47;240;9895309708;S
20240320;100201;158.47;320;9895309709;S
20240320;100201;158.47;300;9895309710;S
20240320;100201;158.46;200;9895309724;S
20240320;100201;158.46;280;9895309725;S
20240320;100201;158.47;30;9895309830;B
20240320;100201;158.47;20;9895309836;B
20240320;100202;158.47;10;9895309884;B
20240320;100202;158.47;10;9895309947;B
20240320;100202;158.46;240;9895310016;S
20240320;100202;158.46;10;9895310017;S
20240320;100202;158.45;20;9895310018;S
20240320;100202;158.45;40;9895310019;S
20240320;100202;158.45;20;9895310020;S
20240320;100202;158.45;20;9895310021;S
20240320;100202;158.45;10;9895310022;S
20240320;100202;158.45;250;9895310023;S
20240320;100202;158.45;10;9895310024;S
20240320;100202;158.45;10;9895310025;S
20240320;100202;158.45;1000;9895310026;S
20240320;100202;158.45;240;9895310027;S
20240320;100202;158.45;10;9895310028;S
20240320;100202;158.45;310;9895310029;S
20240320;100202;158.44;10;9895310030;S
20240320;100202;158.44;50;9895310031;S
20240320;100202;158.44;30;9895310032;S
20240320;100202;158.44;50;9895310033;S
20240320;100202;158.44;500;9895310034;S
20240320;100202;158.44;100;9895310035;S
20240320;100202;158.44;70;9895310036;S
20240320;100202;158.44;60;9895310037;S
20240320;100202;158.44;140;9895310038;S
20240320;100202;158.44;10;9895310039;S
20240320;100202;158.44;50;9895310040;S
20240320;100202;158.44;1000;9895310041;S
20240320;100202;158.44;240;9895310042;S
20240320;100202;158.44;500;9895310050;B
20240320;100203;158.43;10;9895310293;S
20240320;100203;158.43;90;9895310294;S
20240320;100203;158.44;310;9895310305;B
20240320;100203;158.44;690;9895310306;B
20240320;100204;158.44;20;9895310316;B
20240320;100204;158.44;10;9895310323;B
20240320;100207;158.43;1110;9895310943;S
20240320;100207;158.43;1000;9895310944;S
20240320;100207;158.43;240;9895310945;S
20240320;100207;158.43;10;9895310946;S
20240320;100207;158.42;10;9895310947;S
20240320;100207;158.42;10;9895310948;S
20240320;100207;158.42;1000;9895310949;S
20240320;100207;158.42;240;9895310950;S
20240320;100207;158.42;80;9895310951;S
20240320;100210;158.42;100;9895311410;S
20240320;100212;158.44;280;9895311598;B
20240320;100212;158.44;30;9895311599;B
20240320;100212;158.44;10;9895311615;B
20240320;100212;158.44;10;9895311648;B
20240320;100212;158.44;50;9895311649;B
20240320;100214;158.44;100;9895312066;B
20240320;100214;158.44;1120;9895312117;B
20240320;100215;158.45;10;9895312251;B
20240320;100215;158.45;300;9895312260;B
20240320;100215;158.48;1530;9895312261;B
20240320;100215;158.49;9770;9895312262;B
20240320;100215;158.51;50;9895312263;B
20240320;100215;158.51;1900;9895312264;B
20240320;100215;158.52;2580;9895312265;B
20240320;100215;158.52;500;9895312266;B
20240320;100215;158.52;800;9895312267;B
20240320;100215;158.52;300;9895312268;B
20240320;100215;158.54;1000;9895312269;B
20240320;100215;158.54;6000;9895312270;B
20240320;100215;158.55;1000;9895312271;B
20240320;100215;158.55;8000;9895312272;B
20240320;100215;158.56;580;9895312273;B
20240320;100215;158.51;1900;9895312274;B
20240320;100216;158.6;20;9895312335;B
20240320;100216;158.6;230;9895312336;B
20240320;100217;158.61;20;9895312739;B
20240320;100217;158.62;10;9895312740;B
20240320;100218;158.61;30;9895312867;B
20240320;100218;158.61;570;9895312906;B
20240320;100218;158.62;290;9895312907;B
20240320;100218;158.64;140;9895312908;B
20240320;100219;158.62;100;9895313284;S
20240320;100219;158.62;100;9895313285;S
20240320;100219;158.62;200;9895313286;S
20240320;100219;158.62;100;9895313287;S
20240320;100219;158.62;100;9895313289;B
20240320;100220;158.6;70;9895313529;S
20240320;100221;158.62;100;9895313625;B
20240320;100221;158.6;10;9895313712;S
20240320;100223;158.6;100;9895314054;S
20240320;100223;158.6;100;9895314055;S
20240320;100223;158.6;100;9895314056;S
20240320;100223;158.59;140;9895314057;S
20240320;100225;158.61;10;9895314550;B
20240320;100225;158.61;90;9895314551;B
20240320;100226;158.59;10;9895314576;S
20240320;100227;158.61;100;9895314858;B
20240320;100228;158.61;1500;9895315061;B
20240320;100229;158.61;40;9895315124;B
20240320;100229;158.59;250;9895315135;S
20240320;100230;158.57;8000;9895315231;S
20240320;100230;158.56;300;9895315232;S
20240320;100230;158.54;500;9895315233;S
20240320;100230;158.54;1000;9895315234;S
20240320;100230;158.53;1000;9895315235;S
20240320;100230;158.53;240;9895315236;S
20240320;100230;158.52;1000;9895315237;S
20240320;100230;158.52;240;9895315238;S
20240320;100230;158.52;800;9895315239;S
20240320;100230;158.52;700;9895315240;S
20240320;100230;158.51;240;9895315241;S
20240320;100230;158.51;1000;9895315242;S
20240320;100230;158.5;1000;9895315243;S
20240320;100230;158.5;240;9895315244;S
20240320;100230;158.5;8000;9895315245;S
20240320;100233;158.5;10;9895315738;B
20240320;100237;158.5;20;9895316327;B
20240320;100239;158.5;200;9895316764;B
20240320;100239;158.5;10;9895316840;B
20240320;100239;158.5;10;9895316868;B
20240320;100240;158.5;500;9895316955;B
20240320;100242;158.5;250;9895317238;B
20240320;100244;158.5;10;9895317403;B
20240320;100245;158.5;10;9895317623;B
20240320;100245;158.5;1000;9895317710;B
20240320;100246;158.5;20;9895317817;B
20240320;100246;158.5;940;9895317832;B
20240320;100247;158.5;30;9895317913;B
20240320;100247;158.5;20;9895318018;B
20240320;100248;158.5;100;9895318055;B
20240320;100248;158.5;10;9895318157;B
20240320;100249;158.5;750;9895318361;B
20240320;100250;158.5;50;9895318443;B
20240320;100250;158.49;100;9895318818;S
20240320;100250;158.5;50;9895318827;B
20240320;100250;158.5;10;9895318840;B
20240320;100252;158.5;10;9895319152;B
20240320;100253;158.5;50;9895319185;B
20240320;100254;158.5;50;9895319418;B
20240320;100254;158.5;50;9895319489;B
20240320;100254;158.5;10;9895319575;B
20240320;100254;158.5;50;9895319594;B
20240320;100255;158.5;100;9895319705;B
20240320;100255;158.5;50;9895319723;B
20240320;100255;158.49;100;9895319727;S
20240320;100255;158.5;50;9895319753;B
20240320;100256;158.5;50;9895319913;B
20240320;100256;158.5;10;9895319990;B
20240320;100256;158.5;20;9895320036;B
20240320;100257;158.5;20;9895320223;B
20240320;100258;158.5;500;9895320261;B
20240320;100258;158.49;120;9895320312;S
20240320;100259;158.5;10;9895320390;B
20240320;100300;158.5;500;9895320610;B
20240320;100300;158.5;20;9895320640;B
20240320;100301;158.49;180;9895320809;S
20240320;100301;158.49;100;9895320810;S
20240320;100301;158.49;100;9895320811;S
20240320;100301;158.49;240;9895320812;S
20240320;100301;158.49;300;9895320813;S
20240320;100301;158.49;580;9895320814;S
20240320;100302;158.48;10;9895321098;S
20240320;100302;158.48;20;9895321099;S
20240320;100303;158.49;10;9895321249;B
20240320;100304;158.49;10;9895321444;B
20240320;100305;158.49;10;9895321529;B
20240320;100305;158.49;10;9895321533;B
20240320;100305;158.49;10;9895321619;B
20240320;100305;158.49;10;9895321630;B
20240320;100305;158.49;240;9895321668;B
20240320;100305;158.5;190;9895321669;B
20240320;100305;158.5;80;9895321670;B
20240320;100305;158.5;100;9895321671;B
20240320;100305;158.5;390;9895321672;B
20240320;100306;158.5;500;9895321999;B
20240320;100307;158.48;30;9895322081;S
20240320;100307;158.47;50;9895322082;S
20240320;100307;158.47;10;9895322083;S
20240320;100307;158.47;200;9895322084;S
20240320;100307;158.47;1900;9895322085;S
20240320;100307;158.46;240;9895322086;S
20240320;100307;158.46;300;9895322087;S
20240320;100307;158.45;240;9895322088;S
20240320;100307;158.45;20;9895322089;S
20240320;100307;158.45;1000;9895322090;S
20240320;100307;158.45;20;9895322091;S
20240320;100307;158.45;10;9895322092;S
20240320;100307;158.45;10;9895322093;S
20240320;100307;158.44;240;9895322094;S
20240320;100307;158.44;10;9895322095;S
20240320;100307;158.44;2200;9895322096;S
20240320;100307;158.44;300;9895322097;S
20240320;100307;158.43;250;9895322098;S
20240320;100307;158.43;1000;9895322099;S
20240320;100307;158.43;50;9895322100;S
20240320;100307;158.43;240;9895322101;S
20240320;100307;158.42;310;9895322102;S
20240320;100307;158.42;670;9895322103;S
20240320;100308;158.49;80;9895322221;B
20240320;100308;158.49;50;9895322323;B
20240320;100309;158.46;10;9895322433;B
20240320;100310;158.48;100;9895322545;B
20240320;100310;158.48;100;9895322581;B
20240320;100311;158.47;90;9895322846;S
20240320;100311;158.47;10;9895322847;S
20240320;100311;158.44;80;9895322848;S
20240320;100312;158.49;10;9895322887;B
20240320;100313;158.44;160;9895323131;S
20240320;100314;158.48;100;9895323260;S
20240320;100315;158.49;10;9895323395;B
20240320;100315;158.48;100;9895323492;S
20240320;100315;158.48;210;9895323493;S
20240320;100316;158.49;50;9895323627;B
20240320;100317;158.49;20;9895323750;B
20240320;100318;158.49;10;9895323975;B
20240320;100318;158.49;10;9895324005;B
20240320;100319;158.47;100;9895324084;S
20240320;100319;158.47;100;9895324085;S
20240320;100319;158.47;40;9895324086;S
20240320;100319;158.47;10;9895324180;B
20240320;100320;158.47;50;9895324296;S
20240320;100320;158.49;10;9895324403;B
20240320;100322;158.49;120;9895324901;B
20240320;100323;158.49;500;9895325073;B
20240320;100325;158.49;260;9895325268;B
20240320;100325;158.49;100;9895325269;B
20240320;100325;158.49;100;9895325270;B
20240320;100325;158.5;70;9895325271;B
20240320;100327;158.49;10;9895325558;S
20240320;100329;158.5;40;9895325898;B
20240320;100329;158.5;10;9895325899;B
20240320;100331;158.5;2000;9895326267;B
20240320;100333;158.49;230;9895326562;S
20240320;100333;158.49;20;9895326563;S
20240320;100335;158.5;10;9895326739;B
20240320;100336;158.49;80;9895326972;S
20240320;100336;158.49;30;9895326973;S
20240320;100336;158.49;500;9895326974;S
20240320;100336;158.49;500;9895326975;S
20240320;100336;158.49;1110;9895326981;S
20240320;100336;158.49;10;9895327001;S
20240320;100336;158.49;10;9895327002;S
20240320;100336;158.49;100;9895327003;S
20240320;100336;158.49;100;9895327004;S
20240320;100336;158.49;100;9895327005;S
20240320;100336;158.49;300;9895327006;S
20240320;100336;158.49;100;9895327007;S
20240320;100336;158.49;240;9895327008;S
20240320;100336;158.49;30;9895327009;S
20240320;100337;158.49;240;9895327238;S
20240320;100337;158.49;300;9895327239;S
20240320;100337;158.49;240;9895327243;S
20240320;100337;158.49;1900;9895327244;S
20240320;100337;158.49;300;9895327245;S
20240320;100338;158.48;180;9895327369;S
20240320;100342;158.5;100;9895327777;B
20240320;100342;158.5;10;9895327873;B
20240320;100343;158.5;2870;9895328047;B
20240320;100343;158.5;450;9895328048;B
20240320;100343;158.5;1000;9895328049;B
20240320;100343;158.5;20;9895328050;B
20240320;100344;158.5;60;9895328123;B
20240320;100344;158.5;440;9895328124;B
20240320;100344;158.49;10;9895328143;S
20240320;100346;158.5;30;9895328336;B
20240320;100346;158.5;10;9895328338;B
20240320;100347;158.49;50;9895328612;S
20240320;100349;158.5;10;9895328914;B
20240320;100351;158.49;40;9895329206;S
20240320;100351;158.5;20;9895329231;B
20240320;100352;158.5;10;9895329313;B
20240320;100354;158.49;100;9895329560;S
20240320;100354;158.5;70;9895329578;B
20240320;100354;158.5;540;9895329579;B
20240320;100354;158.49;80;9895329581;S
20240320;100354;158.49;280;9895329632;S
20240320;100354;158.49;10;9895329633;S
20240320;100354;158.49;460;9895329634;S
20240320;100355;158.5;20;9895329780;B
20240320;100357;158.5;2000;9895330049;B
20240320;100359;158.5;2440;9895330334;B
20240320;100359;158.5;7630;9895330335;B
20240320;100359;158.5;1000;9895330336;B
20240320;100359;158.5;300;9895330337;B
20240320;100359;158.5;50;9895330338;B
20240320;100359;158.5;170;9895330339;B
20240320;100359;158.5;10;9895330342;B
20240320;100359;158.5;50;9895330347;B
20240320;100359;158.5;10;9895330406;B
20240320;100401;158.5;100;9895330557;B
20240320;100402;158.5;500;9895330695;B
20240320;100402;158.49;1390;9895330715;S
20240320;100402;158.5;10;9895330748;B
20240320;100403;158.5;20;9895330900;B
20240320;100403;158.49;50;9895330924;S
20240320;100403;158.49;10;9895330925;S
20240320;100404;158.5;10;9895330964;B
20240320;100405;158.5;2000;9895331195;B
20240320;100405;158.5;1000;9895331196;B
20240320;100405;158.5;10;9895331245;B
20240320;100406;158.5;10;9895331316;B
20240320;100406;158.5;30;9895331414;B
20240320;100407;158.49;10;9895331531;S
20240320;100407;158.49;300;9895331532;S
20240320;100407;158.49;400;9895331533;S
20240320;100407;158.49;10;9895331534;S
20240320;100407;158.49;50;9895331535;S
20240320;100407;158.49;190;9895331536;S
20240320;100407;158.49;1040;9895331537;S
20240320;100407;158.5;100;9895331557;B
20240320;100408;158.5;500;9895331738;B
20240320;100409;158.49;10;9895331796;S
20240320;100410;158.5;480;9895331955;B
20240320;100410;158.5;2520;9895331956;B
20240320;100410;158.5;90;9895331959;B
20240320;100413;158.49;700;9895332565;S
20240320;100415;158.5;1000;9895332902;B
20240320;100416;158.5;30;9895333021;B
20240320;100416;158.5;20;9895333150;B
20240320;100417;158.5;1000;9895333173;B
20240320;100417;158.5;10;9895333175;B
20240320;100417;158.5;200;9895333199;B
20240320;100418;158.5;1780;9895333291;B
20240320;100418;158.5;1890;9895333292;B
20240320;100419;158.5;200;9895333467;B
20240320;100420;158.5;50;9895333599;B
20240320;100420;158.5;10;9895333738;B
20240320;100423;158.5;290;9895334270;B
20240320;100423;158.53;40;9895334271;B
20240320;100423;158.55;10;9895334272;B
20240320;100423;158.55;800;9895334273;B
20240320;100423;158.55;10;9895334274;B
20240320;100423;158.58;30;9895334275;B
20240320;100423;158.59;1000;9895334276;B
20240320;100423;158.59;500;9895334277;B
20240320;100423;158.6;1000;9895334278;B
20240320;100423;158.6;200;9895334279;B
20240320;100423;158.61;20;9895334280;B
20240320;100423;158.54;100;9895334281;S
20240320;100423;158.6;1000;9895334300;B
20240320;100423;158.54;200;9895334332;S
20240320;100423;158.54;240;9895334333;S
20240320;100423;158.53;1280;9895334334;S
20240320;100424;158.61;20;9895334426;B
20240320;100424;158.53;130;9895334464;S
20240320;100425;158.61;90;9895334674;B
20240320;100427;158.58;200;9895335078;S
20240320;100427;158.58;100;9895335079;S
20240320;100428;158.61;10;9895335653;B
20240320;100428;158.6;100;9895335719;S
20240320;100430;158.61;10;9895336100;B
20240320;100431;158.6;200;9895336228;S
20240320;100431;158.61;500;9895336258;B
20240320;100434;158.6;90;9895336768;S
20240320;100437;158.61;30;9895337201;B
20240320;100437;158.61;10;9895337252;B
20240320;100437;158.6;100;9895337281;S
20240320;100438;158.61;10;9895337355;B
20240320;100438;158.61;250;9895337380;B
20240320;100438;158.61;10;9895337494;B
20240320;100439;158.61;310;9895337581;B
20240320;100439;158.62;10;9895337582;B
20240320;100440;158.65;10;9895337731;B
20240320;100441;158.67;10;9895337932;B
20240320;100441;158.63;170;9895337937;S
20240320;100443;158.67;400;9895338334;B
20240320;100445;158.67;30;9895338742;B
20240320;100447;158.68;10;9895339198;B
20240320;100448;158.68;300;9895339281;B
20240320;100448;158.65;300;9895339287;S
20240320;100448;158.65;10;9895339461;B
20240320;100449;158.65;10;9895339599;B
20240320;100453;158.65;180;9895340488;B
20240320;100453;158.67;820;9895340498;S
20240320;100453;158.67;300;9895340499;S
20240320;100453;158.67;300;9895340500;S
20240320;100454;158.67;10;9895340576;B
20240320;100454;158.68;300;9895340820;B
20240320;100454;158.69;50;9895340821;B
20240320;100454;158.69;890;9895340822;B
20240320;100455;158.66;100;9895340867;S
20240320;100456;158.67;100;9895341272;B
20240320;100457;158.68;10;9895341396;B
20240320;100458;158.66;200;9895341556;S
20240320;100500;158.66;100;9895342310;S
20240320;100500;158.65;300;9895342311;S
20240320;100500;158.64;500;9895342313;S
20240320;100500;158.64;50;9895342314;S
20240320;100501;158.64;10;9895342918;B
20240320;100502;158.64;50;9895343056;B
20240320;100505;158.64;340;9895343730;B
20240320;100506;158.64;190;9895344002;B
20240320;100507;158.64;60;9895344053;B
20240320;100507;158.64;90;9895344222;B
20240320;100507;158.64;100;9895344230;B
20240320;100507;158.63;30;9895344292;S
20240320;100507;158.63;20;9895344293;S
20240320;100508;158.64;170;9895344464;B
20240320;100508;158.64;330;9895344465;B
20240320;100510;158.64;70;9895344850;B
20240320;100510;158.64;500;9895344863;B
20240320;100510;158.64;20;9895344888;B
20240320;100511;158.64;410;9895345115;B
20240320;100511;158.64;90;9895345116;B
20240320;100512;158.63;10;9895345344;S
20240320;100512;158.63;10;9895345366;S
20240320;100513;158.64;10;9895345650;B
20240320;100513;158.64;10;9895345661;B
20240320;100513;158.64;30;9895345729;B
20240320;100515;158.64;20;9895346155;B
20240320;100515;158.64;10;9895346208;B
20240320;100515;158.64;190;9895346246;B
20240320;100516;158.64;130;9895346258;B
20240320;100516;158.64;10;9895346326;B
20240320;100517;158.64;1200;9895346656;B
20240320;100517;158.64;800;9895346657;B
20240320;100518;158.63;50;9895346834;S
20240320;100519;158.63;90;9895347076;S
20240320;100520;158.64;5600;9895347272;B
20240320;100520;158.64;350;9895347273;B
20240320;100520;158.64;50;9895347274;B
20240320;100522;158.63;500;9895347762;S
20240320;100522;158.63;300;9895347763;S
20240320;100522;158.62;680;9895347764;S
20240320;100522;158.62;20;9895347765;S
20240320;100522;158.62;10;9895347766;S
20240320;100522;158.62;10;9895347767;S
20240320;100522;158.62;10;9895347768;S
20240320;100522;158.62;10;9895347769;S
20240320;100522;158.62;10;9895347770;S
20240320;100522;158.62;10;9895347771;S
20240320;100522;158.62;300;9895347772;S
20240320;100522;158.61;1900;9895347773;S
20240320;100522;158.61;200;9895347774;S
20240320;100522;158.6;50;9895347775;S
20240320;100522;158.6;30;9895347776;S
20240320;100522;158.6;10;9895347777;S
20240320;100522;158.6;620;9895347778;S
20240320;100522;158.6;50;9895347779;S
20240320;100522;158.6;10;9895347780;S
20240320;100522;158.6;270;9895347781;S
20240320;100523;158.64;10;9895348173;B
20240320;100523;158.64;10;9895348225;B
20240320;100524;158.64;20;9895348280;B
20240320;100524;158.64;10;9895348485;B
20240320;100525;158.64;40;9895348652;B
20240320;100526;158.64;50;9895348834;B
20240320;100526;158.64;1000;9895348845;B
20240320;100526;158.64;200;9895349010;B
20240320;100527;158.64;10;9895349212;B
20240320;100528;158.64;30;9895349425;B
20240320;100532;158.64;200;9895350466;B
20240320;100532;158.64;20;9895350489;B
20240320;100534;158.64;190;9895350941;B
20240320;100534;158.64;210;9895350942;B
20240320;100534;158.64;10;9895351109;B
20240320;100535;158.64;100;9895351227;B
20240320;100536;158.64;30;9895351389;B
20240320;100536;158.64;320;9895351390;B
20240320;100536;158.64;250;9895351391;B
20240320;100537;158.64;10;9895351702;B
20240320;100537;158.64;50;9895351780;B
20240320;100538;158.63;240;9895351924;S
20240320;100538;158.63;10;9895351925;S
20240320;100538;158.63;260;9895351926;S
20240320;100541;158.64;10;9895352767;B
20240320;100542;158.64;50;9895352866;B
20240320;100542;158.64;1500;9895352925;B
20240320;100543;158.64;100;9895353080;B
20240320;100544;158.63;500;9895353373;S
20240320;100544;158.63;60;9895353374;S
20240320;100545;158.63;100;9895353421;S
20240320;100546;158.64;10;9895353700;B
20240320;100546;158.64;160;9895353702;B
20240320;100546;158.63;80;9895353734;S
20240320;100546;158.63;20;9895353735;S
20240320;100546;158.63;80;9895353769;S
20240320;100546;158.63;20;9895353770;S
20240320;100546;158.64;40;9895353773;B
20240320;100547;158.63;100;9895353782;S
20240320;100547;158.63;100;9895353807;S
20240320;100547;158.63;20;9895353822;S
20240320;100547;158.62;80;9895353823;S
20240320;100547;158.64;30;9895353850;B
20240320;100547;158.63;100;9895353873;S
20240320;100547;158.63;100;9895353899;S
20240320;100547;158.63;40;9895353940;S
20240320;100547;158.62;40;9895353941;S
20240320;100547;158.63;160;9895353979;S
20240320;100547;158.64;40;9895354012;B
20240320;100549;158.64;10;9895354361;B
20240320;100549;158.63;10;9895354483;S
20240320;100550;158.64;10;9895354496;B
20240320;100551;158.64;220;9895354918;B
20240320;100552;158.63;70;9895354960;S
20240320;100552;158.63;70;9895354961;S
20240320;100552;158.63;100;9895355000;S
20240320;100553;158.64;20;9895355103;B
20240320;100554;158.64;170;9895355428;B
20240320;100554;158.64;30;9895355429;B
20240320;100555;158.64;200;9895355655;B
20240320;100556;158.64;240;9895355850;B
20240320;100556;158.64;30;9895355931;B
20240320;100557;158.64;100;9895356115;B
20240320;100557;158.64;10;9895356240;B
20240320;100559;158.63;1330;9895356590;S
20240320;100559;158.63;10;9895356591;S
20240320;100559;158.63;300;9895356592;S
20240320;100559;158.63;240;9895356593;S
20240320;100600;158.64;50;9895356985;B
20240320;100600;158.64;10;9895356989;B
20240320;100601;158.63;500;9895357057;S
20240320;100601;158.63;10;9895357058;S
20240320;100601;158.62;120;9895357119;S
20240320;100601;158.62;10;9895357120;S
20240320;100601;158.62;10;9895357121;S
20240320;100601;158.62;280;9895357122;S
20240320;100601;158.62;10;9895357123;S
20240320;100601;158.62;10;9895357124;S
20240320;100601;158.62;10;9895357125;S
20240320;100601;158.61;140;9895357126;S
20240320;100601;158.62;240;9895357135;B
20240320;100601;158.61;100;9895357167;S
20240320;100601;158.61;1900;9895357168;S
20240320;100601;158.61;100;9895357169;S
20240320;100601;158.61;30;9895357170;S
20240320;100601;158.61;80;9895357171;S
20240320;100601;158.61;300;9895357172;S
20240320;100601;158.61;900;9895357173;S
20240320;100601;158.61;100;9895357174;S
20240320;100601;158.61;200;9895357175;S
20240320;100601;158.61;300;9895357176;S
20240320;100601;158.62;10;9895357179;B
20240320;100601;158.62;440;9895357258;B
20240320;100601;158.63;60;9895357259;B
20240320;100603;158.61;170;9895357613;S
20240320;100603;158.62;200;9895357672;B
20240320;100603;158.62;1000;9895357673;B
20240320;100603;158.62;1000;9895357674;B
20240320;100603;158.62;200;9895357675;B
20240320;100603;158.62;200;9895357678;B
20240320;100603;158.62;100;9895357687;B
20240320;100605;158.61;70;9895358052;S
20240320;100605;158.61;1000;9895358053;S
20240320;100605;158.61;1000;9895358054;S
20240320;100605;158.61;1000;9895358055;S
20240320;100605;158.61;1000;9895358056;S
20240320;100605;158.61;800;9895358057;S
20240320;100605;158.61;800;9895358058;S
20240320;100605;158.61;800;9895358059;S
20240320;100605;158.61;300;9895358060;S
20240320;100606;158.61;30;9895358081;S
20240320;100606;158.62;3000;9895358174;B
20240320;100606;158.62;10;9895358176;B
20240320;100606;158.61;130;9895358273;S
20240320;100607;158.61;100;9895358426;S
20240320;100609;158.62;20;9895358695;B
20240320;100610;158.61;220;9895358906;S
20240320;100611;158.61;20;9895359054;S
20240320;100611;158.61;800;9895359055;S
20240320;100611;158.61;800;9895359056;S
20240320;100611;158.61;600;9895359057;S
20240320;100611;158.61;600;9895359058;S
20240320;100611;158.61;600;9895359059;S
20240320;100611;158.61;300;9895359060;S
20240320;100611;158.61;920;9895359061;S
20240320;100611;158.61;2500;9895359062;S
20240320;100611;158.61;1900;9895359063;S
20240320;100611;158.61;400;9895359064;S
20240320;100611;158.61;240;9895359065;S
20240320;100611;158.61;300;9895359066;S
20240320;100611;158.61;300;9895359067;S
20240320;100611;158.61;300;9895359068;S
20240320;100611;158.61;300;9895359069;S
20240320;100611;158.61;50;9895359070;S
20240320;100611;158.61;1000;9895359071;B
20240320;100611;158.6;30;9895359144;S
20240320;100611;158.6;40;9895359145;S
20240320;100611;158.6;140;9895359409;S
20240320;100611;158.6;230;9895359410;S
20240320;100612;158.6;10;9895359631;S
20240320;100612;158.6;1000;9895359632;S
20240320;100612;158.6;10;9895359633;S
20240320;100612;158.6;280;9895359634;S
20240320;100612;158.6;2200;9895359635;S
20240320;100612;158.6;30;9895359636;S
20240320;100612;158.6;1100;9895359637;S
20240320;100612;158.6;370;9895359638;S
20240320;100613;158.61;20;9895359726;B
20240320;100614;158.61;100;9895360118;B
20240320;100615;158.61;1110;9895360198;B
20240320;100615;158.61;120;9895360212;B
20240320;100615;158.61;10;9895360228;B
20240320;100615;158.61;10;9895360231;B
20240320;100616;158.61;100;9895360296;B
20240320;100616;158.61;600;9895360310;B
20240320;100616;158.61;400;9895360311;B
20240320;100616;158.61;100;9895360312;B
20240320;100616;158.61;20;9895360369;B
20240320;100617;158.61;50;9895360668;B
20240320;100617;158.61;10;9895360682;B
20240320;100618;158.61;50;9895360779;B
20240320;100619;158.61;2000;9895361032;B
20240320;100620;158.6;40;9895361467;S
20240320;100622;158.61;10;9895361982;B
20240320;100625;158.61;40;9895362848;B
20240320;100627;158.61;30;9895363123;B
20240320;100629;158.6;300;9895363542;S
20240320;100629;158.61;90;9895363567;B
20240320;100629;158.61;10;9895363575;B
20240320;100630;158.61;10;9895363637;B
20240320;100630;158.61;10;9895363641;B
20240320;100630;158.6;190;9895363650;S
20240320;100630;158.6;100;9895363651;S
20240320;100630;158.6;2500;9895363652;S
20240320;100630;158.6;900;9895363653;S
20240320;100630;158.6;20;9895363654;S
20240320;100630;158.6;1000;9895363655;S
20240320;100630;158.6;240;9895363656;S
20240320;100630;158.6;50;9895363657;S
20240320;100630;158.61;700;9895363739;B
20240320;100630;158.61;10;9895363775;B
20240320;100631;158.61;460;9895363854;B
20240320;100631;158.61;540;9895363855;B
20240320;100632;158.61;10;9895364037;B
20240320;100632;158.61;50;9895364126;B
20240320;100633;158.6;450;9895364298;S
20240320;100633;158.6;10;9895364299;S
20240320;100633;158.6;550;9895364300;S
20240320;100633;158.61;10;9895364311;B
20240320;100633;158.61;20;9895364314;B
20240320;100635;158.6;50;9895364819;S
20240320;100635;158.6;600;9895364820;S
20240320;100635;158.6;80;9895364821;S
20240320;100635;158.6;80;9895364878;S
20240320;100635;158.6;500;9895364910;S
20240320;100635;158.6;10;9895364911;S
20240320;100635;158.6;190;9895364912;S
20240320;100635;158.6;110;9895364913;S
20240320;100635;158.6;130;9895365039;S
20240320;100635;158.6;2500;9895365040;S
20240320;100635;158.6;20;9895365041;S
20240320;100635;158.59;240;9895365042;S
20240320;100635;158.59;310;9895365043;S
20240320;100636;158.6;300;9895365153;B
20240320;100636;158.6;1900;9895365154;B
20240320;100636;158.6;1000;9895365155;B
20240320;100636;158.61;31970;9895365156;B
20240320;100636;158.61;310;9895365157;B
20240320;100636;158.61;1000;9895365158;B
20240320;100637;158.62;50;9895365280;B
20240320;100637;158.61;200;9895365359;S
20240320;100637;158.62;120;9895365369;B
20240320;100638;158.62;20;9895365544;B
20240320;100639;158.62;80;9895365671;B
20240320;100639;158.62;20;9895365672;B
20240320;100640;158.62;600;9895365729;B
20240320;100642;158.62;5300;9895366430;B
20240320;100646;158.62;50;9895367416;B
20240320;100646;158.61;7060;9895367432;S
20240320;100646;158.61;1170;9895367488;S
20240320;100646;158.61;5090;9895367493;S
20240320;100646;158.61;240;9895367494;S
20240320;100646;158.61;310;9895367495;S
20240320;100646;158.61;10;9895367496;S
20240320;100646;158.61;1410;9895367497;S
20240320;100646;158.61;1170;9895367519;S
20240320;100646;158.62;30;9895367524;B
20240320;100646;158.62;7870;9895367525;B
20240320;100646;158.62;1000;9895367526;B
20240320;100646;158.62;300;9895367527;B
20240320;100646;158.62;800;9895367528;B
20240320;100646;158.61;350;9895367529;S
20240320;100646;158.61;50;9895367530;S
20240320;100646;158.61;240;9895367531;S
20240320;100648;158.61;10;9895367987;B
20240320;100649;158.6;10;9895368145;S
20240320;100650;158.6;230;9895368273;S
20240320;100650;158.6;10;9895368274;S
20240320;100650;158.6;10;9895368275;S
20240320;100650;158.6;550;9895368276;S
20240320;100651;158.61;50;9895368655;B
20240320;100652;158.61;10;9895368826;B
20240320;100652;158.61;50;9895368828;B
20240320;100653;158.61;10;9895368907;B
20240320;100653;158.6;10;9895369012;S
20240320;100653;158.6;50;9895369013;S
20240320;100656;158.6;450;9895369505;S
20240320;100656;158.6;240;9895369506;S
20240320;100656;158.6;40;9895369507;S
20240320;100657;158.6;80;9895369584;S
20240320;100657;158.6;290;9895369612;S
20240320;100657;158.61;10;9895369693;B
20240320;100659;158.61;80;9895370151;B
20240320;100700;158.61;10;9895370316;B
20240320;100702;158.61;190;9895370525;B
20240320;100702;158.61;1000;9895370526;B
20240320;100702;158.61;110;9895370527;B
20240320;100702;158.61;250;9895370587;B
20240320;100707;158.61;10;9895371743;B
20240320;100711;158.6;50;9895372241;S
20240320;100712;158.61;70;9895372444;B
20240320;100713;158.61;10;9895372600;B
20240320;100713;158.61;80;9895372640;B
20240320;100713;158.61;400;9895372647;B
20240320;100714;158.61;70;9895372796;B
20240320;100714;158.61;10;9895372825;B
20240320;100715;158.6;10;9895373013;S
20240320;100715;158.6;20;9895373014;S
20240320;100715;158.6;100;9895373015;S
20240320;100716;158.61;10;9895373192;B
20240320;100717;158.61;10;9895373409;B
20240320;100719;158.61;10;9895373740;B
20240320;100719;158.61;70;9895373789;B
20240320;100719;158.61;50;9895373790;B
20240320;100719;158.61;20;9895373791;B
20240320;100719;158.61;60;9895373792;B
20240320;100719;158.61;20;9895373979;B
20240320;100719;158.61;1680;9895373980;B
20240320;100719;158.61;300;9895373981;B
20240320;100720;158.61;10;9895374069;B
20240320;100720;158.61;50;9895374241;B
20240320;100721;158.6;140;9895374623;S
20240320;100721;158.6;50;9895374624;S
20240320;100721;158.6;10;9895374625;S
20240320;100721;158.6;20;9895374626;S
20240320;100721;158.6;10;9895374627;S
20240320;100721;158.6;50;9895374628;S
20240320;100721;158.6;80;9895374629;S
20240320;100721;158.6;150;9895374630;S
20240320;100721;158.6;300;9895374631;S
20240320;100721;158.6;10;9895374632;S
20240320;100721;158.6;250;9895374633;S
20240320;100721;158.6;50;9895374634;S
20240320;100721;158.6;10;9895374635;S
20240320;100721;158.6;10;9895374636;S
20240320;100721;158.6;10;9895374637;S
20240320;100721;158.6;100;9895374638;S
20240320;100721;158.59;240;9895374639;S
20240320;100721;158.59;1000;9895374640;S
20240320;100721;158.59;1000;9895374641;S
20240320;100721;158.59;330;9895374642;S
20240320;100721;158.58;1000;9895374643;S
20240320;100721;158.58;240;9895374644;S
20240320;100721;158.58;10;9895374645;S
20240320;100721;158.58;100;9895374646;S
20240320;100721;158.58;30;9895374647;S
20240320;100721;158.57;1000;9895374648;S
20240320;100721;158.57;80;9895374649;S
20240320;100721;158.57;240;9895374650;S
20240320;100721;158.57;10;9895374651;S
20240320;100721;158.57;1000;9895374652;B
20240320;100721;158.57;1000;9895374654;B
20240320;100721;158.57;1000;9895374657;B
20240320;100721;158.57;1000;9895374658;B
20240320;100721;158.56;1100;9895374659;S
20240320;100721;158.57;1000;9895374660;B
20240320;100721;158.57;1000;9895374661;B
20240320;100721;158.57;1000;9895374662;B
20240320;100721;158.57;1000;9895374663;B
20240320;100721;158.57;1000;9895374664;B
20240320;100721;158.57;1000;9895374665;B
20240320;100721;158.57;1000;9895374666;B
20240320;100721;158.57;1000;9895374667;B
20240320;100721;158.57;1000;9895374668;B
20240320;100721;158.57;470;9895374669;B
20240320;100721;158.57;330;9895374670;B
20240320;100721;158.59;300;9895374671;B
20240320;100722;158.6;450;9895374936;B
20240320;100723;158.61;10;9895375152;B
20240320;100724;158.6;50;9895375234;S
20240320;100724;158.61;30;9895375310;B
20240320;100725;158.6;20;9895375353;S
20240320;100725;158.6;930;9895375466;S
20240320;100725;158.6;240;9895375467;S
20240320;100726;158.6;10;9895375574;S
20240320;100726;158.6;750;9895375669;S
20240320;100726;158.6;100;9895375670;S
20240320;100726;158.6;10;9895375671;S
20240320;100726;158.59;700;9895375712;S
20240320;100726;158.59;410;9895375713;S
20240320;100726;158.59;590;9895375755;S
20240320;100727;158.57;200;9895375794;S
20240320;100727;158.57;310;9895375795;S
20240320;100727;158.57;690;9895375814;S
20240320;100727;158.56;1830;9895375818;S
20240320;100727;158.58;250;9895375908;B
20240320;100727;158.57;110;9895375912;B
20240320;100727;158.58;260;9895375926;B
20240320;100728;158.58;10;9895376084;B
20240320;100729;158.58;30;9895376254;B
20240320;100729;158.59;170;9895376255;B
20240320;100729;158.57;500;9895376368;S
20240320;100730;158.58;300;9895376484;B
20240320;100730;158.58;250;9895376485;B
20240320;100731;158.58;20;9895376568;B
20240320;100731;158.58;280;9895376687;B
20240320;100731;158.59;1020;9895376688;B
20240320;100731;158.57;500;9895376742;S
20240320;100731;158.57;10;9895376743;S
20240320;100731;158.56;10;9895376744;S
20240320;100732;158.58;10;9895377601;B
20240320;100732;158.58;40;9895377690;B
20240320;100733;158.56;710;9895377991;S
20240320;100734;158.58;10;9895378509;B
20240320;100734;158.58;10;9895378521;B
20240320;100736;158.58;20;9895379165;B
20240320;100736;158.58;50;9895379178;B
20240320;100736;158.58;20;9895379257;B
20240320;100737;158.57;500;9895379637;B
20240320;100737;158.56;1030;9895379795;S
20240320;100737;158.56;320;9895379835;S
20240320;100737;158.56;200;9895379836;S
20240320;100738;158.57;10;9895380204;B
20240320;100738;158.56;80;9895380207;S
20240320;100741;158.57;150;9895380653;B
20240320;100742;158.56;350;9895380792;S
20240320;100742;158.57;800;9895381045;B
20240320;100742;158.57;200;9895381046;B
20240320;100743;158.56;120;9895381191;S
20240320;100744;158.57;330;9895381328;B
20240320;100744;158.56;160;9895381409;S
20240320;100746;158.57;10;9895381764;B
20240320;100746;158.56;20;9895381769;S
20240320;100746;158.56;20;9895381908;S
20240320;100749;158.56;60;9895382505;S
20240320;100749;158.56;500;9895382507;S
20240320;100749;158.57;10;9895382508;B
20240320;100749;158.57;10;9895382535;B
20240320;100751;158.57;440;9895382966;B
20240320;100752;158.57;20;9895383009;B
20240320;100752;158.57;1180;9895383037;B
20240320;100752;158.57;800;9895383038;B
20240320;100752;158.57;1000;9895383039;B
20240320;100752;158.57;300;9895383040;B
20240320;100752;158.57;160;9895383041;B
20240320;100752;158.58;510;9895383042;B
20240320;100752;158.59;50;9895383043;B
20240320;100753;158.56;3490;9895383132;S
20240320;100753;158.56;5000;9895383133;S
20240320;100753;158.56;5000;9895383134;S
20240320;100753;158.56;5000;9895383135;S
20240320;100753;158.56;1500;9895383136;S
20240320;100753;158.56;3500;9895383137;S
20240320;100753;158.56;4300;9895383138;S
20240320;100753;158.56;700;9895383139;S
20240320;100753;158.56;5000;9895383140;S
20240320;100753;158.56;250;9895383141;S
20240320;100753;158.56;10;9895383142;S
20240320;100753;158.56;10;9895383143;S
20240320;100753;158.56;500;9895383144;S
20240320;100753;158.55;10;9895383145;S
20240320;100753;158.55;10;9895383146;S
20240320;100753;158.55;2000;9895383147;S
20240320;100753;158.55;1000;9895383148;S
20240320;100753;158.55;200;9895383149;S
20240320;100753;158.54;40;9895383150;S
20240320;100753;158.54;10;9895383151;S
20240320;100753;158.54;1000;9895383152;S
20240320;100753;158.53;800;9895383153;S
20240320;100753;158.53;10;9895383154;S
20240320;100753;158.53;30;9895383155;S
20240320;100753;158.52;100;9895383156;S
20240320;100753;158.52;40;9895383157;S
20240320;100753;158.52;10;9895383158;S
20240320;100753;158.52;10;9895383159;S
20240320;100753;158.51;50;9895383166;S
20240320;100753;158.51;20;9895383167;S
20240320;100753;158.52;60;9895383246;B
20240320;100754;158.52;80;9895383356;B
20240320;100754;158.51;80;9895383360;S
20240320;100754;158.51;10;9895383361;S
20240320;100754;158.51;10;9895383362;S
20240320;100754;158.51;630;9895383363;S
20240320;100754;158.5;90;9895383364;S
20240320;100754;158.5;1000;9895383365;S
20240320;100754;158.5;10;9895383366;S
20240320;100754;158.5;50;9895383367;S
20240320;100754;158.5;600;9895383368;S
20240320;100754;158.5;1000;9895383369;S
20240320;100754;158.5;10;9895383370;S
20240320;100754;158.5;10;9895383371;S
20240320;100754;158.5;10;9895383372;S
20240320;100754;158.5;10;9895383373;S
20240320;100754;158.5;1550;9895383374;S
20240320;100754;158.5;100;9895383375;S
20240320;100754;158.5;150;9895383376;S
20240320;100754;158.5;1000;9895383377;S
20240320;100754;158.5;300;9895383378;S
20240320;100754;158.5;10;9895383379;S
20240320;100754;158.5;10;9895383380;S
20240320;100754;158.5;700;9895383381;S
20240320;100754;158.5;6900;9895383382;S
20240320;100754;158.5;10;9895383383;S
20240320;100754;158.5;100;9895383384;S
20240320;100754;158.5;10;9895383385;S
20240320;100754;158.5;20;9895383386;S
20240320;100754;158.5;10;9895383387;S
20240320;100754;158.5;6000;9895383388;S
20240320;100754;158.5;1000;9895383389;S
20240320;100754;158.5;50;9895383390;S
20240320;100754;158.5;10;9895383391;S
20240320;100754;158.5;90;9895383392;S
20240320;100754;158.5;40;9895383393;S
20240320;100754;158.5;10;9895383394;S
20240320;100754;158.5;10;9895383395;S
20240320;100754;158.5;10;9895383396;S
20240320;100754;158.5;10;9895383397;S
20240320;100754;158.5;1300;9895383398;S
20240320;100754;158.5;10000;9895383399;S
20240320;100754;158.5;300;9895383400;S
20240320;100754;158.5;50;9895383401;S
20240320;100754;158.5;10;9895383402;S
20240320;100754;158.5;10;9895383403;S
20240320;100754;158.5;10;9895383404;S
20240320;100754;158.49;50;9895383405;S
20240320;100754;158.49;50;9895383406;S
20240320;100754;158.49;30;9895383407;S
20240320;100754;158.49;1000;9895383408;S
20240320;100754;158.49;10;9895383409;S
20240320;100754;158.49;2000;9895383410;S
20240320;100754;158.49;100;9895383411;S
20240320;100754;158.49;10;9895383412;S
20240320;100754;158.49;50;9895383413;S
20240320;100754;158.49;1000;9895383414;S
20240320;100754;158.49;500;9895383415;S
20240320;100754;158.48;820;9895383416;S
20240320;100754;158.48;100;9895383417;S
20240320;100754;158.48;100;9895383418;S
20240320;100754;158.48;10;9895383419;S
20240320;100754;158.48;20;9895383420;S
20240320;100754;158.48;500;9895383421;S
20240320;100755;158.47;20;9895383581;B
20240320;100755;158.47;10;9895383678;B
20240320;100756;158.47;10;9895383715;B
20240320;100756;158.46;20;9895383735;S
20240320;100756;158.46;100;9895383736;S
20240320;100756;158.46;500;9895383737;S
20240320;100756;158.46;10;9895383738;S
20240320;100756;158.45;10;9895383739;S
20240320;100756;158.45;50;9895383740;S
20240320;100756;158.45;20;9895383741;S
20240320;100756;158.45;300;9895383742;S
20240320;100756;158.45;10;9895383743;S
20240320;100756;158.45;40;9895383744;S
20240320;100756;158.45;100;9895383745;S
20240320;100756;158.44;10;9895383746;S
20240320;100756;158.44;40;9895383747;S
20240320;100756;158.44;30;9895383748;S
20240320;100756;158.44;1300;9895383749;S
20240320;100756;158.44;380;9895383750;S
20240320;100756;158.43;100;9895383751;S
20240320;100756;158.42;20;9895383752;S
20240320;100756;158.42;1000;9895383753;S
20240320;100756;158.42;30;9895383754;S
20240320;100758;158.41;300;9895384011;S
20240320;100758;158.41;50;9895384012;S
20240320;100758;158.41;50;9895384013;S
20240320;100758;158.41;10;9895384014;S
20240320;100758;158.41;50;9895384015;S
20240320;100758;158.41;10;9895384016;S
20240320;100758;158.41;50;9895384017;S
20240320;100758;158.41;20;9895384018;S
20240320;100758;158.4;260;9895384019;S
20240320;100759;158.41;400;9895384377;B
20240320;100800;158.41;70;9895384726;B
20240320;100801;158.41;60;9895384759;B
20240320;100801;158.41;10;9895384802;B
20240320;100803;158.41;10;9895385112;B
20240320;100805;158.41;190;9895385444;B
20240320;100806;158.41;10;9895385609;B
20240320;100808;158.41;10;9895386026;B
20240320;100808;158.41;10;9895386081;B
20240320;100810;158.41;100;9895386461;B
20240320;100810;158.41;40;9895386497;B
20240320;100811;158.41;30;9895386503;B
20240320;100811;158.41;470;9895386504;B
20240320;100811;158.41;70;9895386592;B
20240320;100812;158.41;460;9895386709;B
20240320;100812;158.41;290;9895386710;B
20240320;100815;158.41;10;9895387199;B
20240320;100815;158.4;500;9895387203;S
20240320;100815;158.41;80;9895387375;B
20240320;100816;158.41;10;9895387424;B
20240320;100816;158.4;100;9895387425;S
20240320;100816;158.41;50;9895387510;B
20240320;100817;158.41;10;9895387595;B
20240320;100817;158.41;1570;9895387673;B
20240320;100817;158.41;11620;9895387674;B
20240320;100817;158.41;300;9895387675;B
20240320;100817;158.41;1000;9895387676;B
20240320;100817;158.41;220;9895387700;B
20240320;100817;158.41;10;9895387733;B
20240320;100818;158.4;100;9895387798;S
20240320;100819;158.4;40;9895388200;S
20240320;100819;158.4;10;9895388201;S
20240320;100819;158.4;10;9895388202;S
20240320;100819;158.4;10;9895388203;S
20240320;100819;158.4;10;9895388204;S
20240320;100819;158.4;10;9895388205;S
20240320;100819;158.4;60;9895388206;S
20240320;100821;158.41;30;9895388564;B
20240320;100822;158.41;10;9895388649;B
20240320;100822;158.41;10;9895388776;B
20240320;100823;158.41;10;9895388814;B
20240320;100823;158.4;40;9895388815;S
20240320;100823;158.4;30;9895388816;S
20240320;100823;158.4;250;9895388817;S
20240320;100823;158.4;10;9895388818;S
20240320;100823;158.4;10;9895388819;S
20240320;100823;158.4;10;9895388820;S
20240320;100823;158.4;250;9895388821;S
20240320;100823;158.4;10;9895388822;S
20240320;100823;158.4;300;9895388823;S
20240320;100823;158.4;10;9895388824;S
20240320;100823;158.4;40;9895388825;S
20240320;100823;158.4;260;9895388826;S
20240320;100823;158.4;10;9895388827;S
20240320;100823;158.4;100;9895388828;S
20240320;100823;158.4;50;9895388829;S
20240320;100823;158.4;100;9895388830;S
20240320;100823;158.4;70;9895388831;S
20240320;100823;158.4;10;9895388832;S
20240320;100823;158.4;100;9895388833;S
20240320;100823;158.4;10;9895388834;S
20240320;100823;158.4;10;9895388835;S
20240320;100823;158.4;20;9895388836;S
20240320;100823;158.4;10;9895388837;S
20240320;100823;158.4;30;9895388838;S
20240320;100823;158.4;10;9895388839;S
20240320;100823;158.4;10;9895388840;S
20240320;100823;158.4;10;9895388841;S
20240320;100823;158.4;100;9895388842;S
20240320;100823;158.4;130;9895388843;S
20240320;100826;158.41;140;9895389294;B
20240320;100827;158.41;30;9895389561;B
20240320;100828;158.41;80;9895389718;B
20240320;100828;158.41;60;9895389731;B
20240320;100830;158.41;50;9895390013;B
20240320;100830;158.41;280;9895390127;B
20240320;100830;158.41;50;9895390147;B
20240320;100831;158.41;960;9895390205;B
20240320;100831;158.41;40;9895390206;B
20240320;100836;158.41;200;9895391324;B
20240320;100837;158.41;70;9895391499;B
20240320;100838;158.41;10;9895391591;B
20240320;100838;158.41;160;9895391632;B
20240320;100838;158.41;90;9895391633;B
20240320;100839;158.41;10;9895391803;B
20240320;100839;158.41;20;9895391823;B
20240320;100841;158.41;10;9895392008;B
20240320;100842;158.4;120;9895392178;S
20240320;100842;158.4;140;9895392179;S
20240320;100842;158.4;50;9895392180;S
20240320;100842;158.4;50;9895392181;S
20240320;100842;158.4;1000;9895392182;S
20240320;100842;158.4;20;9895392183;S
20240320;100842;158.4;10;9895392184;S
20240320;100842;158.4;200;9895392185;S
20240320;100842;158.4;10;9895392186;S
20240320;100842;158.4;10;9895392187;S
20240320;100842;158.4;10;9895392188;S
20240320;100842;158.4;60;9895392189;S
20240320;100842;158.4;320;9895392190;S
20240320;100842;158.41;10;9895392214;B
20240320;100843;158.41;10;9895392490;B
20240320;100847;158.41;700;9895393327;B
20240320;100849;158.4;180;9895393602;S
20240320;100849;158.4;10;9895393603;S
20240320;100849;158.4;10;9895393604;S
20240320;100850;158.41;200;9895393783;B
20240320;100850;158.41;10;9895393943;B
20240320;100851;158.41;70;9895393990;B
20240320;100852;158.4;10;9895394286;S
20240320;100852;158.4;20;9895394287;S
20240320;100853;158.41;10;9895394474;B
20240320;100854;158.4;10;9895394660;S
20240320;100855;158.4;20;9895394914;S
20240320;100855;158.4;100;9895394915;S
20240320;100855;158.4;1000;9895394916;S
20240320;100855;158.4;380;9895394917;S
20240320;100856;158.4;50;9895395003;S
20240320;100856;158.4;50;9895395004;S
20240320;100856;158.4;1000;9895395005;S
20240320;100857;158.4;340;9895395247;B
20240320;100857;158.4;660;9895395248;B
20240320;100900;158.4;10;9895395843;B
20240320;100900;158.41;10;9895395844;B
20240320;100902;158.41;50;9895396183;B
20240320;100902;158.41;150;9895396209;B
20240320;100902;158.4;30;9895396228;S
20240320;100902;158.4;20;9895396229;S
20240320;100902;158.4;1000;9895396230;S
20240320;100902;158.4;100;9895396231;S
20240320;100902;158.39;10;9895396232;S
20240320;100902;158.39;840;9895396233;S
20240320;100902;158.41;100;9895396243;B
20240320;100902;158.41;40;9895396254;B
20240320;100902;158.39;160;9895396296;S
20240320;100902;158.39;440;9895396297;S
20240320;100902;158.38;100;9895396298;S
20240320;100902;158.38;10;9895396299;S
20240320;100902;158.38;10;9895396300;S
20240320;100902;158.38;10;9895396301;S
20240320;100902;158.37;150;9895396302;S
20240320;100902;158.37;20;9895396303;S
20240320;100902;158.37;10;9895396304;S
20240320;100902;158.37;100;9895396305;S
20240320;100902;158.37;10;9895396306;S
20240320;100902;158.37;980;9895396307;S
20240320;100903;158.41;10;9895396327;B
20240320;100903;158.4;70;9895396353;B
20240320;100903;158.4;20;9895396439;B
20240320;100905;158.4;300;9895396758;B
20240320;100905;158.41;10;9895396759;B
20240320;100908;158.41;20;9895397311;B
20240320;100909;158.41;30;9895397587;B
20240320;100909;158.41;10;9895397650;B
20240320;100909;158.4;100;9895397706;S
20240320;100910;158.41;20;9895397746;B
20240320;100911;158.41;10;9895397993;B
20240320;100912;158.41;400;9895398159;B
20240320;100912;158.41;580;9895398160;B
20240320;100912;158.41;40;9895398189;B
20240320;100912;158.4;500;9895398191;S
20240320;100913;158.41;20;9895398285;B
20240320;100914;158.41;1070;9895398442;B
20240320;100914;158.41;200;9895398443;B
20240320;100914;158.41;1200;9895398444;B
20240320;100914;158.41;20;9895398445;B
20240320;100914;158.41;510;9895398446;B
20240320;100916;158.4;100;9895398940;S
20240320;100916;158.41;60;9895399029;B
20240320;100917;158.4;1500;9895399133;S
20240320;100918;158.4;1300;9895399413;S
20240320;100919;158.41;70;9895399422;B
20240320;100920;158.41;50;9895399761;B
20240320;100922;158.41;70;9895400051;B
20240320;100923;158.41;10;9895400270;B
20240320;100923;158.41;10;9895400284;B
20240320;100923;158.41;1500;9895400295;B
20240320;100924;158.41;10;9895400452;B
20240320;100924;158.41;210;9895400588;B
20240320;100924;158.41;10;9895400596;B
20240320;100925;158.41;200;9895400697;B
20240320;100926;158.41;20;9895400788;B
20240320;100927;158.41;80;9895401080;B
20240320;100928;158.41;190;9895401136;B
20240320;100929;158.41;40;9895401354;B
20240320;100930;158.4;6200;9895401533;S
20240320;100930;158.4;100;9895401534;S
20240320;100930;158.4;100;9895401535;S
20240320;100930;158.4;10;9895401536;S
20240320;100930;158.4;300;9895401537;S
20240320;100930;158.4;10;9895401538;S
20240320;100930;158.4;30;9895401539;S
20240320;100930;158.4;1000;9895401540;S
20240320;100930;158.4;50;9895401541;S
20240320;100930;158.4;2000;9895401542;S
20240320;100930;158.4;500;9895401543;S
20240320;100930;158.4;1000;9895401544;S
20240320;100930;158.4;10;9895401545;S
20240320;100930;158.4;10;9895401546;S
20240320;100930;158.4;100;9895401547;S
20240320;100930;158.4;630;9895401548;S
20240320;100930;158.39;50;9895401549;S
20240320;100930;158.39;510;9895401550;S
20240320;100930;158.39;20;9895401551;S
20240320;100930;158.39;10;9895401552;S
20240320;100930;158.38;20;9895401553;S
20240320;100930;158.37;170;9895401554;S
20240320;100930;158.37;10;9895401555;S
20240320;100930;158.37;200;9895401556;S
20240320;100930;158.37;10;9895401557;S
20240320;100930;158.37;10;9895401558;S
20240320;100930;158.37;500;9895401559;S
20240320;100930;158.36;50;9895401560;S
20240320;100930;158.36;10;9895401561;S
20240320;100930;158.36;110;9895401562;S
20240320;100930;158.36;240;9895401563;S
20240320;100930;158.36;10;9895401564;S
20240320;100930;158.36;30;9895401565;S
20240320;100931;158.39;70;9895401738;B
20240320;100933;158.38;10;9895401954;B
20240320;100933;158.38;10;9895402028;B
20240320;100934;158.38;280;9895402176;B
20240320;100934;158.38;510;9895402177;B
20240320;100934;158.38;400;9895402178;B
20240320;100934;158.39;900;9895402179;B
20240320;100934;158.4;1090;9895402180;B
20240320;100935;158.39;30;9895402324;B
20240320;100939;158.39;50;9895403006;B
20240320;100941;158.39;100;9895403432;B
20240320;100942;158.39;390;9895403512;B
20240320;100942;158.4;1610;9895403513;B
20240320;100943;158.38;10;9895403667;S
20240320;100943;158.38;10;9895403668;S
20240320;100943;158.38;80;9895403669;S
20240320;100943;158.4;10;9895403724;B
20240320;100944;158.4;10;9895403875;B
20240320;100944;158.37;1000;9895403918;S
20240320;100944;158.36;10;9895403919;S
20240320;100944;158.36;490;9895403920;S
20240320;100945;158.38;20;9895404045;B
20240320;100948;158.36;1000;9895404468;S
20240320;100948;158.36;500;9895404469;S
20240320;100948;158.38;100;9895404484;B
20240320;100950;158.38;20;9895404826;B
20240320;100951;158.38;10;9895404933;B
20240320;100951;158.38;40;9895405055;B
20240320;100952;158.4;50;9895405086;B
20240320;100953;158.39;100;9895405263;S
20240320;100953;158.39;30;9895405286;S
20240320;100955;158.4;10;9895405551;B
20240320;100955;158.39;10;9895405644;S
20240320;100956;158.4;1000;9895405813;B
20240320;100958;158.4;10;9895406114;B
20240320;100959;158.4;100;9895406845;B
20240320;101000;158.4;20;9895406883;B
20240320;101000;158.4;40;9895407031;B
20240320;101001;158.39;200;9895407127;S
20240320;101003;158.4;10;9895407698;B
20240320;101008;158.4;30;9895408620;B
20240320;101009;158.4;10;9895408690;B
20240320;101009;158.4;1000;9895408691;B
20240320;101009;158.4;20;9895408692;B
20240320;101009;158.4;80;9895408693;B
20240320;101009;158.4;40;9895408694;B
20240320;101010;158.4;10;9895408935;B
20240320;101012;158.4;50;9895409259;B
20240320;101012;158.4;10;9895409344;B
20240320;101014;158.4;10;9895409615;B
20240320;101017;158.4;10;9895410012;B
20240320;101018;158.4;50;9895410407;B
20240320;101020;158.4;10;9895410619;B
20240320;101020;158.39;10;9895410664;S
20240320;101021;158.4;40;9895410792;B
20240320;101021;158.4;10;9895410794;B
20240320;101021;158.4;10;9895410915;B
20240320;101022;158.4;10;9895411131;B
20240320;101023;158.4;10;9895411390;B
20240320;101023;158.4;60;9895411491;B
20240320;101027;158.4;100;9895412117;B
20240320;101027;158.4;10;9895412127;B
20240320;101027;158.4;40;9895412152;B
20240320;101027;158.4;10;9895412158;B
20240320;101028;158.4;1510;9895412234;B
20240320;101028;158.4;10;9895412235;B
20240320;101028;158.4;200;9895412236;B
20240320;101028;158.4;8280;9895412237;B
20240320;101028;158.39;10;9895412275;S
20240320;101028;158.4;30;9895412360;B
20240320;101029;158.4;10;9895412374;B
20240320;101029;158.4;80;9895412415;B
20240320;101029;158.4;100;9895412508;B
20240320;101029;158.4;1000;9895412549;B
20240320;101030;158.4;50;9895412594;B
20240320;101032;158.4;10;9895412933;B
20240320;101033;158.4;440;9895413055;B
20240320;101033;158.4;150;9895413056;B
20240320;101033;158.39;30;9895413194;S
20240320;101037;158.4;10;9895413758;B
20240320;101037;158.39;750;9895413770;S
20240320;101037;158.39;60;9895413771;S
20240320;101037;158.39;10;9895413772;S
20240320;101037;158.39;10;9895413773;S
20240320;101037;158.39;400;9895413774;S
20240320;101037;158.39;100;9895413775;S
20240320;101037;158.39;10;9895413776;S
20240320;101037;158.39;1870;9895413777;S
20240320;101038;158.4;500;9895414082;B
20240320;101039;158.4;10;9895414143;B
20240320;101040;158.39;1000;9895414292;S
20240320;101040;158.39;250;9895414293;S
20240320;101041;158.4;50;9895414530;B
20240320;101041;158.4;250;9895414552;B
20240320;101043;158.4;10;9895414844;B
20240320;101043;158.4;20;9895414863;B
20240320;101045;158.4;10;9895415074;B
20240320;101045;158.39;1650;9895415100;S
20240320;101045;158.39;350;9895415101;S
20240320;101048;158.39;80;9895415555;S
20240320;101049;158.4;50;9895415693;B
20240320;101049;158.4;10;9895415729;B
20240320;101050;158.4;100;9895415971;B
20240320;101053;158.4;590;9895416327;B
20240320;101054;158.4;100;9895416470;B
20240320;101056;158.39;750;9895416724;S
20240320;101056;158.4;500;9895416787;B
20240320;101057;158.4;8640;9895416855;B
20240320;101057;158.4;1360;9895416856;B
20240320;101057;158.4;250;9895416943;B
20240320;101058;158.4;50;9895417023;B
20240320;101059;158.4;340;9895417153;B
20240320;101059;158.4;660;9895417154;B
20240320;101100;158.39;100;9895417420;S
20240320;101101;158.4;100;9895417500;B
20240320;101101;158.39;80;9895417530;S
20240320;101101;158.4;50;9895417545;B
20240320;101102;158.4;100;9895418096;B
20240320;101104;158.4;500;9895418267;B
20240320;101105;158.4;10;9895418461;B
20240320;101105;158.4;10;9895418467;B
20240320;101105;158.4;10;9895418527;B
20240320;101107;158.4;20;9895418672;B
20240320;101107;158.4;500;9895418754;B
20240320;101107;158.4;5920;9895418819;B
20240320;101107;158.4;1000;9895418820;B
20240320;101107;158.4;140;9895418821;B
20240320;101107;158.4;7000;9895418833;B
20240320;101107;158.4;1000;9895418834;B
20240320;101107;158.4;6000;9895418847;B
20240320;101107;158.4;2000;9895418848;B
20240320;101107;158.4;4120;9895418852;B
20240320;101107;158.4;2940;9895418853;B
20240320;101107;158.4;4670;9895418857;B
20240320;101107;158.4;7060;9895418869;B
20240320;101107;158.4;7060;9895418904;B
20240320;101108;158.4;630;9895418988;B
20240320;101108;158.4;7060;9895419007;B
20240320;101108;158.4;3470;9895419056;B
20240320;101108;158.41;50;9895419057;B
20240320;101108;158.41;380;9895419058;B
20240320;101108;158.41;500;9895419145;S
20240320;101108;158.41;500;9895419146;S
20240320;101108;158.41;1000;9895419147;S
20240320;101108;158.41;1000;9895419148;S
20240320;101108;158.41;800;9895419149;S
20240320;101108;158.41;300;9895419150;S
20240320;101108;158.41;7980;9895419151;S
20240320;101111;158.42;10;9895419587;B
20240320;101111;158.42;20;9895419588;B
20240320;101112;158.42;10;9895419633;B
20240320;101112;158.42;70;9895419670;B
20240320;101112;158.43;50;9895419671;B
20240320;101114;158.45;10;9895420041;B
20240320;101116;158.45;500;9895420259;S
20240320;101117;158.46;40;9895420424;B
20240320;101117;158.46;60;9895420425;B
20240320;101117;158.45;500;9895420428;S
20240320;101117;158.45;1000;9895420429;S
20240320;101117;158.45;300;9895420430;S
20240320;101117;158.45;490;9895420431;S
20240320;101117;158.45;10;9895420432;S
20240320;101117;158.45;700;9895420433;S
20240320;101117;158.43;1000;9895420434;S
20240320;101117;158.43;1000;9895420435;S
20240320;101117;158.41;1900;9895420436;S
20240320;101117;158.4;730;9895420437;S
20240320;101117;158.4;500;9895420438;S
20240320;101117;158.4;500;9895420439;S
20240320;101117;158.4;10;9895420440;S
20240320;101117;158.4;100;9895420441;S
20240320;101117;158.4;10;9895420442;S
20240320;101117;158.4;120;9895420443;S
20240320;101117;158.4;3800;9895420444;S
20240320;101117;158.4;240;9895420445;S
20240320;101117;158.4;100;9895420446;S
20240320;101117;158.4;10;9895420447;S
20240320;101117;158.4;30;9895420448;S
20240320;101117;158.4;10;9895420449;S
20240320;101117;158.39;1990;9895420450;S
20240320;101117;158.39;60;9895420451;S
20240320;101117;158.39;10;9895420452;S
20240320;101117;158.39;10;9895420453;S
20240320;101117;158.39;10;9895420454;S
20240320;101117;158.39;500;9895420455;S
20240320;101117;158.39;60;9895420456;S
20240320;101117;158.39;1000;9895420457;S
20240320;101117;158.39;10;9895420458;S
20240320;101117;158.39;240;9895420459;S
20240320;101117;158.39;800;9895420460;S
20240320;101117;158.38;250;9895420461;S
20240320;101117;158.38;500;9895420462;S
20240320;101117;158.38;50;9895420463;S
20240320;101117;158.38;20;9895420464;S
20240320;101117;158.38;100;9895420465;S
20240320;101117;158.38;100;9895420466;S
20240320;101117;158.38;2500;9895420467;S
20240320;101117;158.38;40;9895420468;S
20240320;101117;158.38;100;9895420469;S
20240320;101117;158.38;100;9895420470;S
20240320;101117;158.38;10;9895420471;S
20240320;101117;158.38;100;9895420472;S
20240320;101117;158.38;100;9895420473;S
20240320;101117;158.38;500;9895420474;S
20240320;101117;158.38;30;9895420475;S
20240320;101117;158.38;20;9895420476;S
20240320;101117;158.38;240;9895420477;S
20240320;101117;158.37;10;9895420478;S
20240320;101117;158.37;260;9895420479;S
20240320;101117;158.37;30;9895420480;S
20240320;101117;158.37;10;9895420481;S
20240320;101117;158.37;50;9895420482;S
20240320;101117;158.37;20;9895420483;S
20240320;101117;158.37;1000;9895420484;S
20240320;101117;158.37;50;9895420485;S
20240320;101117;158.37;100;9895420486;S
20240320;101117;158.37;240;9895420487;S
20240320;101117;158.37;5500;9895420488;S
20240320;101117;158.37;1000;9895420489;S
20240320;101117;158.36;500;9895420490;S
20240320;101117;158.36;40;9895420491;S
20240320;101117;158.36;500;9895420492;S
20240320;101117;158.36;100;9895420493;S
20240320;101117;158.36;240;9895420494;S
20240320;101117;158.36;1000;9895420495;S
20240320;101117;158.36;260;9895420496;S
20240320;101117;158.35;100;9895420497;S
20240320;101117;158.35;100;9895420498;S
20240320;101117;158.35;10;9895420499;S
20240320;101117;158.35;10;9895420500;S
20240320;101117;158.35;200;9895420501;S
20240320;101117;158.35;10;9895420502;S
20240320;101117;158.35;100;9895420503;S
20240320;101117;158.35;10;9895420504;S
20240320;101117;158.35;100;9895420505;S
20240320;101117;158.35;1000;9895420506;S
20240320;101117;158.35;10;9895420507;S
20240320;101117;158.35;30;9895420508;S
20240320;101117;158.35;20;9895420509;S
20240320;101117;158.35;100;9895420510;S
20240320;101117;158.35;10;9895420511;S
20240320;101117;158.35;30;9895420512;S
20240320;101117;158.35;220;9895420513;S
20240320;101117;158.35;10;9895420514;S
20240320;101117;158.35;1000;9895420515;S
