<DATE>;<TIME>;<LAST>;<VOL>;<ID>;<OPER>
20240405;095955;162.75;40;10041147206;S
20240405;095955;162.75;10;10041147207;S
20240405;095955;162.75;200;10041147208;S
20240405;095955;162.75;20;10041147209;S
20240405;095955;162.75;10;10041147210;S
20240405;095955;162.75;70;10041147211;S
20240405;095955;162.75;100;10041147212;S
20240405;095955;162.75;100;10041147213;S
20240405;095955;162.75;20;10041147214;S
20240405;095955;162.75;80;10041147215;S
20240405;095955;162.75;300;10041147216;S
20240405;095955;162.75;10;10041147217;S
20240405;095955;162.75;10;10041147218;S
20240405;095955;162.75;50;10041147219;B
20240405;095955;162.75;110;10041147220;S
20240405;095955;162.75;10;10041147221;B
20240405;095955;162.75;10;10041147222;B
20240405;095955;162.75;10;10041147223;B
20240405;095955;162.75;50;10041147224;B
20240405;095955;162.75;20;10041147225;S
20240405;095955;162.75;10;10041147226;S
20240405;095955;162.75;10;10041147227;S
20240405;095955;162.75;40;10041147228;S
20240405;095955;162.75;10;10041147229;S
20240405;095955;162.75;30;10041147230;B
20240405;095955;162.75;180;10041147231;S
20240405;095955;162.75;890;10041147232;S
20240405;095955;162.75;800;10041147233;S
20240405;095955;162.75;30;10041147234;S
20240405;095955;162.75;40;10041147235;S
20240405;095955;162.75;10;10041147236;S
20240405;095955;162.75;10;10041147237;B
20240405;095955;162.75;10;10041147238;B
20240405;095955;162.75;40;10041147239;B
20240405;095955;162.75;390;10041147240;B
20240405;095955;162.75;1150;10041147241;B
20240405;095955;162.75;10;10041147242;B
20240405;095955;162.75;10;10041147243;B
20240405;095955;162.75;930;10041147244;B
20240405;095955;162.75;50;10041147245;B
20240405;095955;162.75;10;10041147246;B
20240405;095955;162.75;10;10041147247;B
20240405;095955;162.75;70;10041147248;B
20240405;095955;162.75;10;10041147249;B
20240405;095955;162.75;3420;10041147250;B
20240405;095955;162.75;10;10041147251;B
20240405;095955;162.75;50;10041147252;B
20240405;095955;162.75;10;10041147253;B
20240405;095955;162.75;10;10041147254;B
20240405;095955;162.75;10;10041147255;B
20240405;095955;162.75;10;10041147256;B
20240405;095955;162.75;500;10041147257;B
20240405;095955;162.75;150;10041147258;B
20240405;095955;162.75;50;10041147259;B
20240405;095955;162.75;10;10041147260;B
20240405;095955;162.75;10;10041147261;B
20240405;095955;162.75;10;10041147262;B
20240405;095955;162.75;10;10041147263;B
20240405;095955;162.75;500;10041147264;B
20240405;095955;162.75;30;10041147265;B
20240405;095955;162.75;210;10041147266;B
20240405;095955;162.75;10;10041147267;B
20240405;095955;162.75;10;10041147268;B
20240405;095955;162.75;10;10041147269;B
20240405;095955;162.75;30;10041147270;B
20240405;095955;162.75;10;10041147271;B
20240405;095955;162.75;20;10041147272;B
20240405;095955;162.75;490;10041147273;B
20240405;095955;162.75;10;10041147274;B
20240405;095955;162.75;250;10041147275;B
20240405;095955;162.75;40;10041147276;B
20240405;095955;162.75;1610;10041147277;B
20240405;095955;162.75;5000;10041147278;B
20240405;095955;162.75;100;10041147279;B
20240405;095955;162.75;10;10041147280;B
20240405;095955;162.75;320;10041147281;S
20240405;095955;162.75;20;10041147282;S
20240405;095955;162.75;10;10041147283;B
20240405;100000;162.78;200;10041148950;B
20240405;100000;162.8;10;10041149079;B
20240405;100000;162.8;20;10041149080;B
20240405;100000;162.79;220;10041149165;S
20240405;100000;162.79;80;10041149166;S
20240405;100000;162.82;10;10041149236;B
20240405;100001;162.82;20;10041150030;B
20240405;100001;162.82;10;10041150031;B
20240405;100001;162.82;100;10041150032;B
20240405;100001;162.86;200;10041150097;B
20240405;100001;162.87;130;10041150098;B
20240405;100001;162.89;780;10041150112;B
20240405;100001;162.89;800;10041150115;B
20240405;100001;162.89;1000;10041150118;B
20240405;100001;162.89;1000;10041150125;B
20240405;100001;162.89;1000;10041150126;B
20240405;100001;162.89;200;10041150132;B
20240405;100001;162.89;220;10041150133;B
20240405;100001;162.89;30;10041150134;B
20240405;100001;162.9;150;10041150151;B
20240405;100001;162.9;10;10041150218;S
20240405;100001;162.9;290;10041150788;S
20240405;100001;162.9;160;10041150789;S
20240405;100002;162.91;200;10041150848;B
20240405;100002;162.92;10;10041150873;B
20240405;100002;162.92;700;10041150874;B
20240405;100002;162.94;10;10041151277;B
20240405;100003;162.94;190;10041151803;B
20240405;100003;162.95;380;10041151804;B
20240405;100003;162.94;10;10041152281;S
20240405;100003;162.94;10;10041152282;S
20240405;100004;162.95;100;10041152482;B
20240405;100004;162.95;90;10041152484;B
20240405;100004;162.95;200;10041152485;B
20240405;100004;162.95;750;10041152486;B
20240405;100004;162.95;200;10041152487;B
20240405;100004;162.95;1000;10041152488;B
20240405;100004;162.95;100;10041152489;B
20240405;100004;162.95;1000;10041152495;B
20240405;100004;162.95;200;10041152496;B
20240405;100004;162.94;20;10041152881;S
20240405;100004;162.94;220;10041153173;S
20240405;100004;162.95;100;10041153174;B
20240405;100004;162.94;20;10041153175;S
20240405;100004;162.95;10;10041153176;B
20240405;100004;162.95;10;10041153177;B
20240405;100005;162.94;30;10041153558;S
20240405;100005;162.95;10;10041153661;B
20240405;100005;162.95;10;10041153676;B
20240405;100005;162.95;10;10041153680;B
20240405;100005;162.95;10;10041153687;B
20240405;100005;162.95;10;10041153709;B
20240405;100005;162.95;10;10041153713;B
20240405;100005;162.95;10;10041153723;B
20240405;100005;162.95;10;10041154103;B
20240405;100005;162.95;60;10041154484;B
20240405;100005;162.94;1500;10041154578;S
20240405;100005;162.95;30;10041154736;B
20240405;100005;162.95;10;10041154740;B
20240405;100005;162.92;40;10041154744;S
20240405;100005;162.91;50;10041154749;S
20240405;100005;162.95;30;10041154847;B
20240405;100005;162.95;10;10041154853;B
20240405;100005;162.95;10;10041154995;B
20240405;100005;162.87;50;10041154998;S
20240405;100005;162.87;10;10041154999;S
20240405;100005;162.95;10;10041155004;B
20240405;100006;162.87;1100;10041155550;S
20240405;100006;162.87;40;10041155556;S
20240405;100006;162.87;10;10041155561;S
20240405;100006;162.87;20;10041155564;S
20240405;100006;162.87;10;10041155690;S
20240405;100006;162.94;300;10041155697;B
20240405;100006;162.95;310;10041155698;B
20240405;100006;162.95;10;10041155903;B
20240405;100006;162.87;200;10041155907;S
20240405;100006;162.95;10;10041155911;B
20240405;100006;162.87;10;10041155915;S
20240405;100006;162.87;10;10041155926;S
20240405;100006;162.95;10;10041155963;B
20240405;100006;162.87;10;10041155968;S
20240405;100006;162.95;20;10041155993;B
20240405;100006;162.95;10;10041155996;B
20240405;100006;162.95;10;10041156002;B
20240405;100006;162.95;10;10041156006;B
20240405;100006;162.93;20;10041156329;B
20240405;100006;162.93;20;10041156330;B
20240405;100006;162.87;10;10041156343;S
20240405;100006;162.93;10;10041156419;B
20240405;100007;162.93;10;10041156626;B
20240405;100007;162.93;40;10041156918;B
20240405;100007;162.93;10;10041156920;B
20240405;100007;162.93;10;10041156921;B
20240405;100007;162.89;10;10041156923;S
20240405;100007;162.93;10;10041156927;B
20240405;100007;162.89;10;10041156929;S
20240405;100007;162.95;10;10041157647;B
20240405;100007;162.95;10;10041157648;B
20240405;100007;162.89;60;10041157776;S
20240405;100008;162.89;10;10041158120;S
20240405;100008;162.95;10;10041158122;B
20240405;100008;162.95;60;10041158126;B
20240405;100008;162.89;20;10041158128;S
20240405;100008;162.95;30;10041158131;B
20240405;100008;162.89;10;10041158334;S
20240405;100008;162.89;10;10041158337;S
20240405;100008;162.89;10;10041158340;S
20240405;100008;162.89;10;10041158344;S
20240405;100008;162.95;10;10041158345;B
20240405;100008;162.89;10;10041158445;S
20240405;100008;162.95;10;10041158449;B
20240405;100008;162.89;100;10041158450;S
20240405;100008;162.89;40;10041158453;S
20240405;100008;162.89;90;10041158454;S
20240405;100008;162.95;30;10041158456;B
20240405;100009;162.89;80;10041158921;S
20240405;100009;162.95;20;10041159002;B
20240405;100009;162.95;80;10041159003;B
20240405;100009;162.89;10;10041159009;S
20240405;100009;162.9;10;10041159500;S
20240405;100009;162.9;170;10041159501;S
20240405;100009;162.89;1750;10041159502;S
20240405;100009;162.89;220;10041159503;S
20240405;100009;162.89;300;10041159504;S
20240405;100009;162.88;220;10041159505;S
20240405;100009;162.87;220;10041159506;S
20240405;100009;162.86;220;10041159507;S
20240405;100009;162.85;220;10041159508;S
20240405;100009;162.85;1350;10041159509;S
20240405;100009;162.86;10;10041159613;S
20240405;100010;162.95;10;10041159691;B
20240405;100010;162.95;110;10041159783;B
20240405;100010;162.95;50;10041160438;B
20240405;100010;162.95;10;10041160527;B
20240405;100011;162.95;120;10041160841;B
20240405;100011;162.96;10;10041160842;B
20240405;100011;162.96;160;10041160843;B
20240405;100011;162.97;1000;10041160844;B
20240405;100011;162.98;140;10041160845;B
20240405;100011;162.85;500;10041160910;S
20240405;100011;162.85;220;10041160911;S
20240405;100011;162.85;300;10041160912;S
20240405;100011;162.85;1930;10041160913;S
20240405;100011;162.84;220;10041160914;S
20240405;100011;162.84;160;10041160915;S
20240405;100011;162.83;220;10041160916;S
20240405;100011;162.82;220;10041160917;S
20240405;100011;162.81;220;10041160918;S
20240405;100011;162.8;220;10041160919;S
20240405;100011;162.8;470;10041160920;S
20240405;100011;162.97;10;10041161247;B
20240405;100011;162.97;10;10041161462;B
20240405;100012;162.86;100;10041161839;S
20240405;100013;162.86;1850;10041162106;S
20240405;100013;162.86;1930;10041162107;S
20240405;100013;162.85;160;10041162108;S
20240405;100013;162.85;740;10041162109;S
20240405;100013;162.86;30;10041162159;S
20240405;100014;162.9;270;10041162493;S
20240405;100014;162.82;160;10041162494;S
20240405;100014;162.82;300;10041162495;B
20240405;100014;162.82;270;10041162496;B
20240405;100015;162.83;60;10041162879;S
20240405;100017;162.83;10;10041163579;S
20240405;100018;162.86;300;10041163993;S
20240405;100019;162.93;300;10041164485;B
20240405;100019;162.94;140;10041164486;B
20240405;100019;162.94;1110;10041164487;B
20240405;100019;162.94;1540;10041164488;B
20240405;100019;162.95;910;10041164489;B
20240405;100019;162.94;10;10041164490;B
20240405;100020;162.86;300;10041164543;S
20240405;100020;162.86;150;10041164544;S
20240405;100020;162.85;2170;10041164545;S
20240405;100020;162.85;2380;10041164546;S
20240405;100020;162.84;100;10041164705;S
20240405;100021;162.84;150;10041164890;S
20240405;100024;162.93;60;10041165462;B
20240405;100025;162.91;60;10041165600;B
20240405;100025;162.91;10;10041165629;B
20240405;100025;162.87;10;10041165906;B
20240405;100026;162.85;10;10041165928;S
20240405;100026;162.85;140;10041165929;S
20240405;100026;162.84;250;10041165930;S
20240405;100026;162.8;80;10041165931;S
20240405;100026;162.79;130;10041165932;S
20240405;100026;162.78;220;10041165933;S
20240405;100026;162.78;500;10041165934;S
20240405;100026;162.77;220;10041165935;S
20240405;100026;162.77;5280;10041165936;S
20240405;100026;162.81;300;10041166273;B
20240405;100026;162.82;1110;10041166274;B
20240405;100026;162.82;170;10041166275;B
20240405;100026;162.83;420;10041166276;B
20240405;100027;162.78;340;10041166326;S
20240405;100027;162.82;300;10041166540;B
20240405;100027;162.82;10;10041166541;B
20240405;100027;162.82;100;10041166569;B
20240405;100029;162.78;1930;10041166882;S
20240405;100029;162.77;150;10041166883;S
20240405;100029;162.76;160;10041166884;S
20240405;100029;162.75;2440;10041166885;S
20240405;100029;162.81;300;10041166898;B
20240405;100029;162.82;1000;10041166899;B
20240405;100029;162.82;180;10041166900;B
20240405;100029;162.82;1000;10041166901;B
20240405;100029;162.83;100;10041166902;B
20240405;100029;162.8;80;10041166942;B
20240405;100030;162.79;100;10041167272;B
20240405;100031;162.79;130;10041167419;B
20240405;100031;162.77;130;10041167441;B
20240405;100031;162.76;10;10041167555;S
20240405;100035;162.78;30;10041169004;B
20240405;100036;162.78;10;10041169132;B
20240405;100036;162.75;5000;10041169154;S
20240405;100037;162.77;40;10041169391;B
20240405;100037;162.78;200;10041169503;B
20240405;100038;162.75;30;10041169568;S
20240405;100038;162.78;20;10041169735;B
20240405;100039;162.78;50;10041169908;B
20240405;100039;162.76;90;10041170001;S
20240405;100039;162.75;460;10041170002;S
20240405;100039;162.75;10;10041170003;S
20240405;100039;162.72;200;10041170004;S
20240405;100039;162.71;110;10041170039;S
20240405;100040;162.71;10;10041170065;S
20240405;100040;162.71;730;10041170066;S
20240405;100041;162.72;200;10041170541;B
20240405;100042;162.72;300;10041170599;B
20240405;100042;162.71;10;10041170605;S
20240405;100042;162.72;30;10041170888;B
20240405;100043;162.71;10;10041171065;S
20240405;100043;162.71;10;10041171066;S
20240405;100043;162.71;10;10041171067;S
20240405;100043;162.7;300;10041171068;S
20240405;100043;162.7;10;10041171069;S
20240405;100043;162.7;3680;10041171070;S
20240405;100043;162.72;20;10041171207;B
20240405;100044;162.71;30;10041171433;B
20240405;100044;162.71;10;10041171502;B
20240405;100045;162.71;10;10041171958;B
20240405;100045;162.71;30;10041172000;B
20240405;100046;162.71;20;10041172133;B
20240405;100046;162.71;60;10041172259;B
20240405;100046;162.7;60;10041172345;S
20240405;100046;162.7;1750;10041172347;S
20240405;100047;162.71;130;10041172461;B
20240405;100047;162.71;130;10041172474;B
20240405;100047;162.7;510;10041172486;S
20240405;100047;162.7;2490;10041172487;S
20240405;100047;162.7;1800;10041172498;S
20240405;100047;162.71;30;10041172507;B
20240405;100047;162.7;100;10041172647;S
20240405;100047;162.71;20;10041172677;B
20240405;100048;162.7;130;10041172839;S
20240405;100048;162.71;30;10041172889;B
20240405;100048;162.7;140;10041172893;S
20240405;100048;162.71;130;10041172930;B
20240405;100048;162.71;20;10041172945;B
20240405;100048;162.71;110;10041172946;B
20240405;100048;162.7;14500;10041172953;S
20240405;100048;162.71;190;10041172962;B
20240405;100048;162.71;100;10041172963;B
20240405;100048;162.71;1000;10041172964;B
20240405;100048;162.71;600;10041172965;B
20240405;100048;162.72;110;10041172966;B
20240405;100048;162.7;840;10041172967;S
20240405;100048;162.7;40;10041172968;S
20240405;100048;162.7;20;10041172969;S
20240405;100048;162.7;100;10041172983;S
20240405;100048;162.7;10;10041173016;S
20240405;100048;162.7;100;10041173031;S
20240405;100048;162.7;70;10041173050;S
20240405;100048;162.7;30;10041173051;S
20240405;100048;162.7;100;10041173052;S
20240405;100048;162.7;100;10041173053;S
20240405;100048;162.7;100;10041173054;S
20240405;100048;162.7;100;10041173059;S
20240405;100048;162.7;100;10041173083;S
20240405;100048;162.7;1100;10041173085;S
20240405;100049;162.71;30;10041173260;B
20240405;100049;162.7;100;10041173303;S
20240405;100049;162.7;8270;10041173312;S
20240405;100049;162.7;10;10041173313;S
20240405;100049;162.69;10;10041173314;S
20240405;100049;162.69;10;10041173315;S
20240405;100049;162.69;10;10041173316;S
20240405;100049;162.69;10;10041173317;S
20240405;100049;162.69;60;10041173318;S
20240405;100049;162.69;20;10041173319;S
20240405;100049;162.69;10;10041173320;S
20240405;100049;162.69;30;10041173321;S
20240405;100049;162.69;50;10041173322;S
20240405;100049;162.69;10;10041173323;S
20240405;100049;162.69;100;10041173324;S
20240405;100049;162.69;10;10041173325;S
20240405;100049;162.69;10;10041173326;S
20240405;100049;162.69;10;10041173327;S
20240405;100049;162.69;10;10041173328;S
20240405;100049;162.69;10;10041173329;S
20240405;100049;162.69;20;10041173330;S
20240405;100049;162.69;10;10041173331;S
20240405;100049;162.69;100;10041173332;S
20240405;100049;162.69;20;10041173333;S
20240405;100049;162.69;20;10041173334;S
20240405;100049;162.69;10;10041173335;S
20240405;100049;162.69;10;10041173336;S
20240405;100049;162.69;10;10041173337;S
20240405;100049;162.69;10;10041173338;S
20240405;100049;162.69;10;10041173339;S
20240405;100049;162.69;10;10041173340;S
20240405;100049;162.69;280;10041173341;S
20240405;100049;162.69;10;10041173342;S
20240405;100049;162.69;20;10041173343;S
20240405;100049;162.69;30;10041173344;S
20240405;100049;162.69;400;10041173345;S
20240405;100050;162.7;30;10041173452;B
20240405;100050;162.7;130;10041173560;B
20240405;100050;162.7;130;10041173573;B
20240405;100050;162.69;80;10041173586;S
20240405;100050;162.69;130;10041173666;S
20240405;100050;162.69;30;10041173695;S
20240405;100050;162.69;100;10041173758;S
20240405;100051;162.7;130;10041173849;B
20240405;100051;162.7;130;10041173860;B
20240405;100051;162.7;330;10041173910;B
20240405;100051;162.7;330;10041173914;B
20240405;100051;162.7;30;10041173938;B
20240405;100051;162.69;260;10041174045;S
20240405;100051;162.69;240;10041174046;S
20240405;100052;162.69;100;10041174108;S
20240405;100052;162.69;10;10041174168;S
20240405;100052;162.7;140;10041174222;B
20240405;100052;162.7;140;10041174241;B
20240405;100052;162.7;130;10041174286;B
20240405;100052;162.7;130;10041174291;B
20240405;100052;162.7;60;10041174339;B
20240405;100052;162.69;160;10041174373;S
20240405;100052;162.69;840;10041174374;S
20240405;100052;162.69;30;10041174384;S
20240405;100052;162.69;10;10041174385;S
20240405;100052;162.69;60;10041174386;S
20240405;100053;162.7;130;10041174700;B
20240405;100054;162.69;400;10041174840;S
20240405;100054;162.69;500;10041174844;S
20240405;100054;162.69;10;10041174854;S
20240405;100054;162.69;100;10041174922;S
20240405;100054;162.69;100;10041174965;S
20240405;100055;162.69;100;10041175035;S
20240405;100055;162.69;100;10041175055;S
20240405;100055;162.69;100;10041175104;S
20240405;100055;162.69;100;10041175124;S
20240405;100056;162.7;60;10041175646;B
20240405;100057;162.69;100;10041175708;S
20240405;100057;162.69;100;10041175746;S
20240405;100057;162.7;20;10041175768;B
20240405;100057;162.69;3000;10041175851;S
20240405;100057;162.69;100;10041175908;S
20240405;100058;162.7;390;10041175940;B
20240405;100058;162.7;390;10041175946;B
20240405;100058;162.69;10;10041175999;S
20240405;100058;162.7;20;10041176000;B
20240405;100058;162.69;100;10041176052;S
20240405;100058;162.69;100;10041176213;S
20240405;100058;162.7;4000;10041176231;B
20240405;100059;162.69;100;10041176405;S
20240405;100059;162.7;50;10041176421;B
20240405;100059;162.69;100;10041176443;S
20240405;100100;162.69;100;10041176449;S
20240405;100100;162.7;130;10041176464;B
20240405;100100;162.69;100;10041176500;S
20240405;100100;162.69;100;10041176502;S
20240405;100100;162.69;100;10041176601;S
20240405;100100;162.69;2200;10041176651;S
20240405;100100;162.69;10;10041176652;S
20240405;100100;162.69;10;10041176653;S
20240405;100100;162.68;20;10041176654;S
20240405;100100;162.68;100;10041176655;S
20240405;100100;162.68;10;10041176656;S
20240405;100100;162.66;10;10041176657;S
20240405;100100;162.63;70;10041176659;S
20240405;100100;162.64;300;10041176661;B
20240405;100100;162.65;530;10041176662;B
20240405;100100;162.66;890;10041176663;B
20240405;100100;162.66;10;10041176664;B
20240405;100100;162.65;100;10041176742;B
20240405;100102;162.63;60;10041177319;S
20240405;100102;162.61;10;10041177450;B
20240405;100103;162.6;10;10041177892;S
20240405;100103;162.6;10;10041177893;S
20240405;100103;162.6;10;10041177894;S
20240405;100103;162.6;20;10041177895;S
20240405;100103;162.6;250;10041177896;S
20240405;100103;162.6;1000;10041177897;S
20240405;100103;162.6;100;10041177946;S
20240405;100104;162.6;100;10041177989;S
20240405;100104;162.6;100;10041178014;S
20240405;100104;162.6;60;10041178015;S
20240405;100104;162.6;100;10041178057;S
20240405;100104;162.6;290;10041178219;S
20240405;100104;162.6;300;10041178220;S
20240405;100104;162.6;10;10041178221;S
20240405;100104;162.6;200;10041178222;S
20240405;100104;162.59;300;10041178223;S
20240405;100104;162.59;100;10041178225;S
20240405;100104;162.59;600;10041178233;S
20240405;100104;162.59;10;10041178234;S
20240405;100104;162.58;100;10041178236;S
20240405;100104;162.56;10;10041178237;S
20240405;100104;162.56;10;10041178238;S
20240405;100104;162.56;10;10041178239;S
20240405;100104;162.56;10;10041178240;S
20240405;100104;162.55;50;10041178241;S
20240405;100104;162.55;850;10041178252;B
20240405;100104;162.55;1290;10041178253;B
20240405;100104;162.55;300;10041178254;B
20240405;100104;162.56;160;10041178255;B
20240405;100104;162.56;1600;10041178256;B
20240405;100104;162.56;490;10041178257;B
20240405;100104;162.56;2000;10041178258;B
20240405;100104;162.58;1000;10041178259;B
20240405;100104;162.59;1000;10041178260;B
20240405;100104;162.59;440;10041178261;B
20240405;100104;162.54;10;10041178263;S
20240405;100106;162.56;300;10041178583;S
20240405;100106;162.56;400;10041178584;S
20240405;100106;162.57;40;10041178768;S
20240405;100107;162.61;160;10041178839;B
20240405;100108;162.61;60;10041179226;B
20240405;100108;162.6;10;10041179446;S
20240405;100108;162.6;10;10041179475;B
20240405;100108;162.6;80;10041179476;B
20240405;100111;162.64;320;10041180072;B
20240405;100114;162.61;100;10041180960;S
20240405;100115;162.61;10;10041181129;S
20240405;100117;162.64;40;10041181791;B
20240405;100117;162.64;60;10041181792;B
20240405;100117;162.62;50;10041181872;S
20240405;100117;162.62;350;10041181873;S
20240405;100118;162.64;240;10041182007;B
20240405;100119;162.61;20;10041182496;S
20240405;100119;162.64;40;10041182584;B
20240405;100120;162.64;20;10041183196;B
20240405;100120;162.64;110;10041183197;B
20240405;100121;162.64;200;10041183259;B
20240405;100124;162.62;10;10041185292;B
20240405;100124;162.62;520;10041185293;B
20240405;100125;162.61;40;10041185658;S
20240405;100125;162.61;830;10041185724;S
20240405;100125;162.61;600;10041185725;S
20240405;100127;162.61;630;10041186377;S
20240405;100127;162.6;1000;10041186378;S
20240405;100127;162.6;10;10041186379;S
20240405;100127;162.6;10;10041186380;S
20240405;100127;162.6;30;10041186381;S
20240405;100128;162.59;10;10041186531;B
20240405;100128;162.58;150;10041186622;S
20240405;100128;162.58;10;10041186623;S
20240405;100128;162.57;380;10041186624;S
20240405;100128;162.56;1110;10041186625;S
20240405;100128;162.55;2350;10041186626;S
20240405;100130;162.54;90;10041187335;S
20240405;100130;162.54;20;10041187336;S
20240405;100130;162.53;10;10041187337;S
20240405;100130;162.52;10;10041187338;S
20240405;100130;162.52;1780;10041187339;S
20240405;100130;162.51;100;10041187340;S
20240405;100130;162.51;890;10041187341;S
20240405;100131;162.51;80;10041187445;S
20240405;100131;162.53;40;10041187734;B
20240405;100132;162.53;20;10041188050;B
20240405;100132;162.53;10;10041188067;B
20240405;100132;162.51;30;10041188374;S
20240405;100132;162.51;10;10041188375;S
20240405;100132;162.51;30;10041188376;S
20240405;100132;162.51;10;10041188377;S
20240405;100132;162.5;10;10041188378;S
20240405;100132;162.5;140;10041188379;S
20240405;100132;162.5;360;10041188430;S
20240405;100132;162.5;100;10041188431;S
20240405;100132;162.5;100;10041188432;S
20240405;100132;162.5;10;10041188433;S
20240405;100132;162.5;200;10041188434;S
20240405;100132;162.5;100;10041188435;S
20240405;100132;162.5;30;10041188436;S
20240405;100132;162.5;100;10041188437;S
20240405;100132;162.5;600;10041188438;S
20240405;100132;162.5;10;10041188439;S
20240405;100132;162.5;10;10041188440;S
20240405;100132;162.5;100;10041188441;S
20240405;100132;162.5;400;10041188442;S
20240405;100132;162.5;120;10041188443;S
20240405;100132;162.5;170;10041188444;S
20240405;100132;162.5;150;10041188445;S
20240405;100132;162.5;1000;10041188446;S
20240405;100132;162.5;100;10041188447;S
20240405;100132;162.5;10;10041188448;S
20240405;100132;162.5;20;10041188449;S
20240405;100132;162.5;20;10041188450;S
20240405;100132;162.5;500;10041188451;S
20240405;100132;162.5;3000;10041188452;S
20240405;100132;162.5;20;10041188453;S
20240405;100132;162.5;500;10041188454;S
20240405;100132;162.5;600;10041188455;S
20240405;100132;162.5;700;10041188456;S
20240405;100132;162.49;370;10041188457;S
20240405;100132;162.48;10;10041188458;S
20240405;100132;162.48;590;10041188459;S
20240405;100132;162.48;100;10041188480;S
20240405;100132;162.49;150;10041188482;B
20240405;100133;162.49;150;10041188683;B
20240405;100133;162.49;2000;10041188684;B
20240405;100133;162.49;370;10041188685;B
20240405;100133;162.5;50;10041188686;B
20240405;100133;162.51;500;10041188687;B
20240405;100133;162.51;1000;10041188688;B
20240405;100133;162.51;500;10041188812;S
20240405;100133;162.51;80;10041188889;S
20240405;100133;162.51;30;10041188994;S
20240405;100133;162.51;10;10041189027;S
20240405;100133;162.51;5000;10041189044;S
20240405;100133;162.51;1190;10041189060;S
20240405;100133;162.5;370;10041189061;S
20240405;100133;162.5;100;10041189062;S
20240405;100133;162.5;40;10041189063;S
20240405;100133;162.48;60;10041189064;S
20240405;100133;162.48;100;10041189065;S
20240405;100133;162.48;20;10041189066;S
20240405;100133;162.47;10;10041189067;S
20240405;100133;162.47;220;10041189068;S
20240405;100133;162.46;10;10041189069;S
20240405;100133;162.46;220;10041189070;S
20240405;100133;162.46;1930;10041189071;S
20240405;100133;162.45;220;10041189072;S
20240405;100133;162.44;100;10041189073;S
20240405;100133;162.44;10;10041189074;S
20240405;100133;162.44;10;10041189075;S
20240405;100133;162.44;220;10041189076;S
20240405;100133;162.43;100;10041189077;S
20240405;100133;162.43;220;10041189078;S
20240405;100133;162.42;50;10041189079;S
20240405;100133;162.42;200;10041189080;S
20240405;100133;162.42;300;10041189081;S
20240405;100133;162.42;220;10041189082;S
20240405;100133;162.42;300;10041189083;S
20240405;100133;162.41;10;10041189084;S
20240405;100133;162.41;220;10041189085;S
20240405;100133;162.41;890;10041189086;S
20240405;100133;162.41;280;10041189087;S
20240405;100133;162.41;10000;10041189088;S
20240405;100133;162.4;10;10041189089;S
20240405;100133;162.4;10;10041189090;S
20240405;100133;162.4;10;10041189091;S
20240405;100133;162.4;10;10041189092;S
20240405;100133;162.4;10;10041189093;S
20240405;100133;162.4;10;10041189094;S
20240405;100133;162.4;2000;10041189095;S
20240405;100133;162.4;50;10041189096;S
20240405;100133;162.4;220;10041189097;S
20240405;100133;162.4;1000;10041189098;S
20240405;100133;162.39;10;10041189099;S
20240405;100133;162.39;220;10041189100;S
20240405;100133;162.39;4820;10041189101;S
20240405;100133;162.47;10;10041189160;B
20240405;100133;162.47;10;10041189178;B
20240405;100134;162.47;40;10041189213;B
20240405;100134;162.47;940;10041189233;B
20240405;100134;162.47;300;10041189234;B
20240405;100134;162.48;760;10041189235;B
20240405;100134;162.41;210;10041189280;S
20240405;100134;162.41;10;10041189370;S
20240405;100134;162.41;10;10041189371;S
20240405;100134;162.4;220;10041189372;S
20240405;100134;162.4;360;10041189373;S
20240405;100134;162.39;220;10041189384;S
20240405;100134;162.38;100;10041189385;S
20240405;100134;162.38;10;10041189386;S
20240405;100134;162.38;100;10041189387;S
20240405;100134;162.38;220;10041189388;S
20240405;100134;162.38;2500;10041189389;S
20240405;100134;162.38;100;10041189390;S
20240405;100134;162.38;370;10041189391;S
20240405;100134;162.37;220;10041189392;S
20240405;100134;162.37;160;10041189393;S
20240405;100134;162.4;10;10041189457;S
20240405;100134;162.41;60;10041189592;B
20240405;100136;162.41;160;10041190461;S
20240405;100137;162.42;10;10041190589;B
20240405;100137;162.42;500;10041190630;B
20240405;100137;162.41;100;10041190898;S
20240405;100137;162.39;50;10041190899;S
20240405;100138;162.42;50;10041190961;B
20240405;100139;162.39;300;10041191309;S
20240405;100139;162.42;370;10041191315;B
20240405;100139;162.42;2000;10041191316;B
20240405;100139;162.43;10;10041191318;B
20240405;100139;162.4;300;10041191346;S
20240405;100139;162.39;20;10041191347;S
20240405;100139;162.39;80;10041191348;S
20240405;100139;162.43;10;10041191449;S
20240405;100139;162.42;290;10041191450;S
20240405;100139;162.44;130;10041191488;B
20240405;100141;162.43;300;10041192025;S
20240405;100141;162.42;440;10041192026;S
20240405;100141;162.45;390;10041192145;B
20240405;100141;162.44;920;10041192180;B
20240405;100141;162.44;1510;10041192235;B
20240405;100141;162.44;2000;10041192236;B
20240405;100141;162.49;40;10041192292;B
20240405;100142;162.5;10;10041192358;B
20240405;100142;162.5;1000;10041192411;B
20240405;100142;162.5;1130;10041192543;B
20240405;100142;162.5;190;10041192544;B
20240405;100142;162.5;1810;10041192558;B
20240405;100143;162.54;1320;10041192669;B
20240405;100144;162.54;20;10041193065;B
20240405;100144;162.55;240;10041193066;B
20240405;100144;162.55;660;10041193094;B
20240405;100144;162.55;260;10041193148;B
20240405;100144;162.55;2840;10041193175;B
20240405;100144;162.55;340;10041193176;B
20240405;100145;162.54;50;10041193378;S
20240405;100145;162.58;300;10041193597;S
20240405;100145;162.57;1550;10041193598;S
20240405;100145;162.55;180;10041193599;S
20240405;100145;162.53;470;10041193600;S
20240405;100146;162.6;30;10041193644;B
20240405;100146;162.58;10;10041193683;S
20240405;100146;162.6;10;10041193721;B
20240405;100146;162.58;100;10041193849;S
20240405;100146;162.58;100;10041193850;S
20240405;100146;162.58;100;10041193852;S
20240405;100146;162.58;100;10041193853;S
20240405;100146;162.57;100;10041193854;S
20240405;100146;162.57;100;10041193855;S
20240405;100147;162.6;10;10041194158;B
20240405;100148;162.58;300;10041194309;S
20240405;100148;162.57;350;10041194310;S
20240405;100149;162.6;70;10041194492;B
20240405;100149;162.6;10;10041194493;B
20240405;100149;162.59;110;10041194531;S
20240405;100152;162.59;100;10041195411;S
20240405;100152;162.59;40;10041195414;S
20240405;100153;162.58;140;10041195766;S
20240405;100154;162.59;60;10041196091;B
20240405;100154;162.63;30;10041196092;B
20240405;100155;162.61;20;10041196219;B
20240405;100156;162.64;10;10041196463;B
20240405;100156;162.62;20;10041196503;S
20240405;100156;162.6;40;10041196504;S
20240405;100157;162.64;330;10041196619;B
20240405;100158;162.61;100;10041196854;S
20240405;100158;162.61;40;10041196855;S
20240405;100158;162.6;160;10041196856;S
20240405;100158;162.6;100;10041196857;S
20240405;100158;162.6;200;10041196858;S
20240405;100158;162.6;100;10041196859;S
20240405;100158;162.62;20;10041196980;S
20240405;100200;162.6;100;10041197482;S
20240405;100201;162.6;300;10041197655;S
20240405;100201;162.57;80;10041197656;S
20240405;100201;162.57;10;10041197763;S
20240405;100201;162.57;490;10041197764;S
20240405;100201;162.53;130;10041197765;S
20240405;100201;162.53;270;10041197766;S
20240405;100202;162.57;320;10041197857;B
20240405;100202;162.57;1000;10041197858;B
20240405;100202;162.57;230;10041197859;B
20240405;100202;162.53;100;10041197902;S
20240405;100202;162.57;1490;10041197960;S
20240405;100205;162.55;300;10041198624;B
20240405;100206;162.52;10;10041198933;S
20240405;100206;162.55;150;10041199083;B
20240405;100206;162.56;640;10041199122;B
20240405;100208;162.54;50;10041199542;S
20240405;100208;162.54;430;10041199549;S
20240405;100210;162.58;250;10041200129;B
20240405;100212;162.58;10;10041200715;B
20240405;100214;162.6;700;10041201229;B
20240405;100216;162.58;300;10041201965;S
20240405;100216;162.57;200;10041201966;S
20240405;100217;162.58;300;10041202005;S
20240405;100217;162.57;40;10041202006;S
20240405;100217;162.56;270;10041202007;S
20240405;100219;162.57;10;10041202635;S
20240405;100219;162.56;300;10041202636;S
20240405;100219;162.56;10;10041202643;B
20240405;100221;162.56;10;10041203041;B
20240405;100222;162.56;110;10041203351;B
20240405;100226;162.56;60;10041204166;B
20240405;100230;162.57;10;10041205649;B
20240405;100230;162.59;280;10041205658;B
20240405;100230;162.6;330;10041205659;B
20240405;100232;162.58;280;10041206304;B
20240405;100232;162.58;300;10041206305;B
20240405;100232;162.58;1000;10041206306;B
20240405;100232;162.59;1000;10041206307;B
20240405;100232;162.6;90;10041206308;B
20240405;100232;162.6;1880;10041206309;B
20240405;100236;162.58;10;10041207237;B
20240405;100236;162.57;10;10041207411;S
20240405;100236;162.57;10;10041207412;S
20240405;100236;162.57;10;10041207413;S
20240405;100236;162.57;30;10041207414;S
20240405;100236;162.56;50;10041207415;S
20240405;100236;162.55;160;10041207416;S
20240405;100236;162.55;280;10041207417;S
20240405;100236;162.54;110;10041207418;S
20240405;100236;162.54;200;10041207419;S
20240405;100236;162.52;200;10041207420;S
20240405;100236;162.52;150;10041207421;S
20240405;100236;162.52;860;10041207422;S
20240405;100236;162.52;970;10041207423;S
20240405;100238;162.53;10;10041207760;B
20240405;100238;162.53;10;10041207874;B
20240405;100238;162.53;20;10041207981;B
20240405;100239;162.51;300;10041208257;S
20240405;100239;162.51;100;10041208258;S
20240405;100239;162.5;40;10041208259;S
20240405;100239;162.5;10;10041208260;S
20240405;100239;162.5;50;10041208261;S
20240405;100240;162.5;250;10041208372;S
20240405;100240;162.5;90;10041208373;S
20240405;100241;162.5;80;10041208422;S
20240405;100241;162.51;300;10041208575;B
20240405;100241;162.52;270;10041208576;B
20240405;100241;162.53;1000;10041208577;B
20240405;100241;162.54;1000;10041208578;B
20240405;100241;162.55;1000;10041208579;B
20240405;100241;162.55;430;10041208580;B
20240405;100244;162.56;300;10041209163;B
20240405;100244;162.57;200;10041209164;B
20240405;100245;162.5;180;10041209200;S
20240405;100245;162.57;300;10041209233;B
20240405;100245;162.58;300;10041209234;B
20240405;100245;162.57;20;10041209365;B
20240405;100251;162.55;20;10041210562;S
20240405;100251;162.55;10;10041210652;S
20240405;100251;162.55;10;10041210653;S
20240405;100251;162.52;270;10041210654;S
20240405;100251;162.51;1090;10041210655;S
20240405;100251;162.51;300;10041210656;S
20240405;100251;162.5;40;10041210657;S
20240405;100251;162.5;10;10041210658;S
20240405;100251;162.5;770;10041210659;S
20240405;100252;162.55;500;10041210773;S
20240405;100252;162.52;270;10041210774;S
20240405;100253;162.5;300;10041210921;S
20240405;100254;162.51;270;10041211378;B
20240405;100254;162.51;130;10041211379;B
20240405;100254;162.5;200;10041211511;S
20240405;100254;162.5;100;10041211512;S
20240405;100254;162.5;200;10041211513;S
20240405;100254;162.5;60;10041211514;S
20240405;100254;162.5;10;10041211515;S
20240405;100255;162.5;160;10041211648;B
20240405;100256;162.5;70;10041211702;B
20240405;100256;162.5;1000;10041211703;B
20240405;100256;162.5;2000;10041211704;B
20240405;100257;162.51;800;10041211988;B
20240405;100258;162.51;10;10041212102;B
20240405;100259;162.5;200;10041212347;S
20240405;100301;162.51;60;10041212735;B
20240405;100301;162.52;29230;10041212736;B
20240405;100301;162.52;1000;10041212737;B
20240405;100301;162.52;200;10041212738;B
20240405;100301;162.55;110;10041212777;B
20240405;100302;162.53;300;10041212831;S
20240405;100302;162.52;500;10041212832;S
20240405;100302;162.52;260;10041212833;S
20240405;100304;162.52;40;10041213225;B
20240405;100304;162.51;20;10041213323;S
20240405;100304;162.52;40;10041213324;B
20240405;100305;162.52;970;10041213353;B
20240405;100305;162.52;480;10041213354;B
20240405;100305;162.54;260;10041213355;B
20240405;100305;162.55;590;10041213356;B
20240405;100305;162.55;220;10041213357;B
20240405;100305;162.57;300;10041213358;B
20240405;100305;162.58;3700;10041213359;B
20240405;100305;162.59;4400;10041213360;B
20240405;100305;162.6;9080;10041213361;B
20240405;100306;162.58;20;10041213573;B
20240405;100307;162.56;300;10041213768;S
20240405;100307;162.56;500;10041213769;S
20240405;100307;162.55;260;10041213770;S
20240405;100307;162.54;540;10041213771;S
20240405;100312;162.6;10;10041214744;B
20240405;100312;162.6;2000;10041214935;B
20240405;100312;162.57;30;10041214969;S
20240405;100313;162.57;270;10041215088;S
20240405;100313;162.56;10;10041215089;S
20240405;100313;162.56;710;10041215090;S
20240405;100318;162.56;130;10041215821;S
20240405;100319;162.6;10;10041216035;B
20240405;100323;162.6;5560;10041216671;B
20240405;100327;162.6;500;10041217532;B
20240405;100327;162.6;30;10041217542;B
20240405;100328;162.6;960;10041217612;B
20240405;100328;162.6;1000;10041217613;B
20240405;100328;162.6;30;10041217614;B
20240405;100328;162.61;260;10041217615;B
20240405;100328;162.65;60;10041217616;B
20240405;100328;162.65;20;10041217617;B
20240405;100328;162.65;300;10041217618;B
20240405;100328;162.66;4020;10041217619;B
20240405;100331;162.66;30;10041218393;B
20240405;100332;162.66;10;10041218444;B
20240405;100333;162.66;4940;10041218721;B
20240405;100333;162.67;290;10041218722;B
20240405;100333;162.68;4770;10041218723;B
20240405;100336;162.66;190;10041219254;S
20240405;100336;162.68;800;10041219376;B
20240405;100337;162.68;2480;10041219533;B
20240405;100338;162.67;100;10041219644;S
20240405;100338;162.68;20;10041219708;B
20240405;100339;162.68;10;10041219869;B
20240405;100342;162.67;100;10041220356;S
20240405;100342;162.67;100;10041220374;S
20240405;100342;162.67;100;10041220396;S
20240405;100342;162.67;100;10041220406;S
20240405;100342;162.68;770;10041220423;B
20240405;100342;162.68;10;10041220424;B
20240405;100342;162.69;290;10041220425;B
20240405;100342;162.71;10;10041220426;B
20240405;100342;162.75;500;10041220427;B
20240405;100342;162.75;540;10041220428;B
20240405;100342;162.76;380;10041220429;B
20240405;100342;162.78;290;10041220431;B
20240405;100342;162.79;10;10041220432;B
20240405;100342;162.79;990;10041220434;S
20240405;100342;162.79;300;10041220435;S
20240405;100342;162.79;10;10041220448;S
20240405;100342;162.79;20;10041220451;S
20240405;100343;162.8;10;10041220506;B
20240405;100343;162.8;110;10041220507;B
20240405;100343;162.81;300;10041220630;S
20240405;100344;162.82;290;10041220727;B
20240405;100344;162.82;10;10041220728;B
20240405;100344;162.85;800;10041220825;B
20240405;100344;162.85;2000;10041220938;B
20240405;100344;162.85;690;10041220943;B
20240405;100346;162.85;2900;10041221190;B
20240405;100348;162.85;100;10041221835;B
20240405;100349;162.83;50;10041221946;S
20240405;100352;162.83;20;10041222498;S
20240405;100354;162.83;170;10041222915;S
20240405;100356;162.85;500;10041223314;B
20240405;100359;162.85;50;10041223783;B
20240405;100400;162.83;10;10041224043;S
20240405;100401;162.76;300;10041224169;S
20240405;100401;162.75;1330;10041224170;S
20240405;100401;162.75;310;10041224259;S
20240405;100401;162.75;300;10041224260;S
20240405;100401;162.75;300;10041224261;S
20240405;100401;162.74;300;10041224289;S
20240405;100404;162.75;10;10041224795;B
20240405;100406;162.75;600;10041225275;B
20240405;100408;162.75;20;10041225625;B
20240405;100408;162.75;330;10041225699;B
20240405;100408;162.76;250;10041225714;S
20240405;100411;162.76;50;10041226367;S
20240405;100411;162.76;820;10041226368;S
20240405;100411;162.76;100;10041226395;B
20240405;100412;162.76;250;10041226553;B
20240405;100412;162.75;1540;10041226599;S
20240405;100416;162.8;10;10041227332;B
20240405;100418;162.8;40;10041227727;B
20240405;100418;162.82;290;10041227728;B
20240405;100418;162.84;710;10041227729;B
20240405;100418;162.85;1860;10041227730;B
20240405;100420;162.79;300;10041228255;S
20240405;100420;162.78;30;10041228256;S
20240405;100422;162.81;1540;10041228713;S
20240405;100422;162.8;1250;10041228729;S
20240405;100423;162.8;1220;10041228949;S
20240405;100423;162.8;2330;10041228958;S
20240405;100423;162.8;290;10041228959;S
20240405;100423;162.77;1100;10041228960;S
20240405;100423;162.77;1280;10041228961;S
20240405;100425;162.82;10;10041229322;B
20240405;100426;162.83;290;10041229424;B
20240405;100428;162.83;300;10041229748;S
20240405;100429;162.85;20;10041230095;B
20240405;100433;162.83;1910;10041230913;S
20240405;100433;162.83;290;10041230914;S
20240405;100433;162.83;410;10041230915;S
20240405;100433;162.83;150;10041230916;B
20240405;100433;162.85;10;10041230992;B
20240405;100434;162.85;100;10041231068;B
20240405;100435;162.85;20;10041231236;B
20240405;100436;162.83;600;10041231473;S
20240405;100436;162.85;100;10041231543;B
20240405;100438;162.83;1750;10041231770;S
20240405;100438;162.81;1000;10041231771;S
20240405;100438;162.81;290;10041231772;S
20240405;100438;162.8;1000;10041231773;S
20240405;100438;162.8;410;10041231774;S
20240405;100438;162.79;1000;10041231775;S
20240405;100438;162.79;300;10041231776;S
20240405;100438;162.79;220;10041231777;S
20240405;100438;162.79;2420;10041231778;S
20240405;100438;162.78;1000;10041231779;S
20240405;100438;162.78;220;10041231780;S
20240405;100438;162.78;890;10041231781;S
20240405;100438;162.83;2500;10041231809;S
20240405;100438;162.81;290;10041231810;S
20240405;100438;162.78;1210;10041231811;S
20240405;100438;162.84;250;10041231893;B
20240405;100439;162.84;30;10041232125;B
20240405;100439;162.84;20;10041232131;B
20240405;100439;162.85;850;10041232132;B
20240405;100439;162.85;30;10041232133;B
20240405;100439;162.85;290;10041232134;B
20240405;100439;162.86;810;10041232135;B
20240405;100440;162.83;80;10041232223;S
20240405;100443;162.83;2420;10041232692;S
20240405;100443;162.77;150;10041232695;S
20240405;100443;162.82;80;10041232745;B
20240405;100444;162.77;340;10041232871;S
20240405;100444;162.79;300;10041232884;B
20240405;100444;162.8;100;10041232885;B
20240405;100444;162.79;100;10041232921;B
20240405;100445;162.79;90;10041233046;B
20240405;100446;162.79;10;10041233311;B
20240405;100447;162.79;10;10041233468;B
20240405;100448;162.79;20;10041233583;B
20240405;100449;162.79;70;10041233780;B
20240405;100449;162.8;1010;10041233787;B
20240405;100449;162.8;10;10041233806;B
20240405;100452;162.8;130;10041234472;B
20240405;100452;162.8;300;10041234473;B
20240405;100452;162.8;280;10041234474;B
20240405;100452;162.83;590;10041234475;B
20240405;100454;162.79;170;10041234664;S
20240405;100454;162.79;150;10041234665;S
20240405;100455;162.77;670;10041234819;S
20240405;100458;162.8;10;10041235425;S
20240405;100458;162.79;10;10041235426;S
20240405;100459;162.82;30;10041235534;B
20240405;100459;162.82;270;10041235631;B
20240405;100459;162.83;50;10041235632;B
20240405;100501;162.84;280;10041236068;B
20240405;100502;162.82;10;10041236410;B
20240405;100503;162.8;10;10041236543;B
20240405;100504;162.8;50;10041236788;B
20240405;100505;162.8;20;10041236957;B
20240405;100508;162.8;220;10041237471;B
20240405;100508;162.8;50;10041237472;B
20240405;100508;162.8;10;10041237473;B
20240405;100508;162.81;270;10041237474;B
20240405;100508;162.82;450;10041237475;B
20240405;100508;162.81;150;10041237486;B
20240405;100510;162.81;10;10041237740;B
20240405;100510;162.81;50;10041237750;B
20240405;100511;162.8;710;10041238016;S
20240405;100511;162.81;270;10041238049;B
20240405;100511;162.81;300;10041238050;B
20240405;100511;162.82;280;10041238051;B
20240405;100511;162.83;2020;10041238052;B
20240405;100512;162.8;290;10041238201;S
20240405;100512;162.79;20;10041238202;S
20240405;100512;162.78;270;10041238203;S
20240405;100512;162.77;500;10041238204;S
20240405;100512;162.77;60;10041238205;S
20240405;100513;162.77;10;10041238346;B
20240405;100515;162.77;90;10041238620;B
20240405;100518;162.76;60;10041239055;S
20240405;100520;162.77;290;10041239321;B
20240405;100522;162.77;10;10041239628;S
20240405;100522;162.78;40;10041239931;B
20240405;100524;162.77;100;10041240178;S
20240405;100524;162.79;10;10041240381;B
20240405;100526;162.78;100;10041240580;B
20240405;100526;162.77;1600;10041240717;S
20240405;100526;162.76;400;10041240718;S
20240405;100529;162.76;10;10041241763;S
20240405;100530;162.77;270;10041241977;B
20240405;100530;162.77;730;10041241978;B
20240405;100531;162.77;3680;10041242179;B
20240405;100531;162.78;270;10041242180;B
20240405;100532;162.77;460;10041242464;B
20240405;100533;162.76;530;10041243054;S
20240405;100533;162.75;130;10041243055;S
20240405;100533;162.75;10;10041243056;S
20240405;100533;162.75;100;10041243057;S
20240405;100534;162.73;60;10041243123;B
20240405;100536;162.73;300;10041243536;B
20240405;100537;162.73;700;10041243794;B
20240405;100537;162.73;300;10041243795;B
20240405;100538;162.72;10;10041244076;S
20240405;100540;162.73;20;10041244367;B
20240405;100543;162.72;10;10041245121;S
20240405;100543;162.71;1320;10041245122;S
20240405;100543;162.7;10;10041245123;S
20240405;100543;162.7;30000;10041245124;S
20240405;100543;162.7;180;10041245125;S
20240405;100543;162.7;1340;10041245126;S
20240405;100543;162.7;50;10041245127;S
20240405;100543;162.7;10;10041245128;S
20240405;100543;162.7;270;10041245129;S
20240405;100543;162.69;50;10041245130;S
20240405;100543;162.68;310;10041245132;S
20240405;100543;162.67;40;10041245133;S
20240405;100543;162.66;430;10041245134;S
20240405;100544;162.63;10;10041245324;B
20240405;100544;162.62;10;10041245363;S
20240405;100544;162.63;100;10041245368;B
20240405;100546;162.63;10;10041245689;B
20240405;100547;162.62;90;10041246071;S
20240405;100547;162.61;1000;10041246072;S
20240405;100547;162.6;10;10041246073;S
20240405;100547;162.6;50;10041246074;S
20240405;100547;162.6;40;10041246075;S
20240405;100547;162.59;10;10041246076;S
20240405;100547;162.59;30;10041246077;S
20240405;100547;162.59;20;10041246078;S
20240405;100547;162.59;220;10041246079;S
20240405;100547;162.59;230;10041246080;S
20240405;100547;162.58;10;10041246081;S
20240405;100547;162.58;7720;10041246082;S
20240405;100549;162.58;500;10041246326;B
20240405;100552;162.57;640;10041247051;S
20240405;100552;162.58;30;10041247124;B
20240405;100552;162.58;20;10041247283;B
20240405;100554;162.58;600;10041247581;B
20240405;100555;162.58;10;10041247866;B
20240405;100555;162.58;290;10041248012;B
20240405;100556;162.57;360;10041248148;S
20240405;100556;162.56;10;10041248149;S
20240405;100556;162.56;10;10041248150;S
20240405;100556;162.56;10;10041248151;S
20240405;100556;162.56;1000;10041248152;S
20240405;100556;162.56;1930;10041248153;S
20240405;100556;162.56;300;10041248154;S
20240405;100556;162.55;10;10041248155;S
20240405;100556;162.55;220;10041248156;S
20240405;100556;162.55;270;10041248157;S
20240405;100556;162.54;220;10041248158;S
20240405;100556;162.54;270;10041248159;S
20240405;100556;162.53;220;10041248160;S
20240405;100556;162.53;50;10041248161;S
20240405;100556;162.53;1020;10041248162;S
20240405;100558;162.56;50;10041248525;B
20240405;100559;162.56;1000;10041248679;B
20240405;100600;162.56;20;10041248890;B
20240405;100600;162.54;1000;10041248978;S
20240405;100600;162.53;220;10041248979;S
20240405;100600;162.53;270;10041248980;S
20240405;100600;162.52;10;10041248981;S
20240405;100600;162.52;30;10041248982;S
20240405;100600;162.52;220;10041248983;S
20240405;100600;162.52;60;10041248984;S
20240405;100600;162.52;300;10041248985;S
20240405;100600;162.52;790;10041248986;S
20240405;100600;162.53;220;10041249044;S
20240405;100600;162.52;210;10041249045;S
20240405;100600;162.52;70;10041249046;S
20240405;100605;162.54;100;10041250052;B
20240405;100606;162.54;10;10041250282;B
20240405;100606;162.54;30;10041250309;B
20240405;100607;162.53;10;10041250456;S
20240405;100607;162.53;300;10041250457;S
20240405;100607;162.52;930;10041250458;S
20240405;100607;162.52;220;10041250459;S
20240405;100607;162.52;270;10041250460;S
20240405;100607;162.51;10;10041250461;S
20240405;100607;162.51;10;10041250462;S
20240405;100607;162.51;220;10041250463;S
20240405;100607;162.51;300;10041250464;S
20240405;100607;162.51;1000;10041250465;S
20240405;100607;162.51;1000;10041250466;S
20240405;100607;162.51;3720;10041250467;S
20240405;100609;162.52;220;10041251143;S
20240405;100609;162.52;300;10041251144;S
20240405;100609;162.52;230;10041251145;S
20240405;100610;162.53;300;10041251441;S
20240405;100610;162.52;770;10041251442;S
20240405;100610;162.52;270;10041251443;S
20240405;100610;162.52;220;10041251444;S
20240405;100610;162.51;220;10041251445;S
20240405;100610;162.51;1000;10041251446;S
20240405;100610;162.51;120;10041251447;S
20240405;100610;162.54;10;10041251475;B
20240405;100610;162.54;10;10041251604;B
20240405;100611;162.54;10;10041251701;B
20240405;100612;162.53;10;10041252064;B
20240405;100614;162.53;180;10041252387;B
20240405;100616;162.53;120;10041252688;B
20240405;100616;162.52;50;10041252697;S
20240405;100617;162.53;400;10041252973;B
20240405;100617;162.52;220;10041253022;S
20240405;100617;162.52;270;10041253023;S
20240405;100617;162.51;10;10041253024;S
20240405;100619;162.52;220;10041253384;S
20240405;100623;162.52;500;10041254008;B
20240405;100623;162.52;10;10041254045;B
20240405;100624;162.51;50;10041254259;S
20240405;100627;162.52;30;10041254727;B
20240405;100627;162.52;10;10041254742;B
20240405;100630;162.51;820;10041255245;S
20240405;100630;162.51;100;10041255246;S
20240405;100630;162.51;2000;10041255247;S
20240405;100630;162.51;20;10041255248;S
20240405;100630;162.51;220;10041255249;S
20240405;100630;162.51;500;10041255250;S
20240405;100630;162.51;2500;10041255251;S
20240405;100630;162.51;1110;10041255252;S
20240405;100630;162.51;1540;10041255253;S
20240405;100630;162.51;90;10041255254;S
20240405;100630;162.5;730;10041255255;S
20240405;100630;162.5;10;10041255256;S
20240405;100630;162.5;10;10041255257;S
20240405;100630;162.5;10;10041255258;S
20240405;100630;162.5;30;10041255259;S
20240405;100630;162.5;100;10041255260;S
20240405;100630;162.5;7970;10041255261;S
20240405;100631;162.51;10;10041255455;B
20240405;100631;162.51;10;10041255501;B
20240405;100633;162.51;520;10041255736;B
20240405;100633;162.51;390;10041255737;B
20240405;100633;162.51;20;10041255743;S
20240405;100634;162.52;20;10041255890;B
20240405;100635;162.52;10;10041256264;B
20240405;100635;162.51;100;10041256265;S
20240405;100635;162.52;220;10041256266;B
20240405;100635;162.52;80;10041256267;B
20240405;100635;162.51;1730;10041256332;S
20240405;100636;162.51;10;10041256343;S
20240405;100636;162.52;50;10041256432;B
20240405;100638;162.51;10;10041256763;S
20240405;100638;162.51;20;10041256851;S
20240405;100639;162.51;100;10041257091;S
20240405;100640;162.52;10;10041257129;B
20240405;100640;162.51;100;10041257146;S
20240405;100640;162.51;10;10041257147;S
20240405;100640;162.51;300;10041257173;S
20240405;100640;162.51;80;10041257213;S
20240405;100640;162.51;10;10041257263;S
20240405;100640;162.51;40;10041257284;S
20240405;100641;162.51;10;10041257470;S
20240405;100641;162.51;10;10041257477;S
20240405;100641;162.51;10;10041257491;S
20240405;100641;162.52;20;10041257498;B
20240405;100642;162.51;20;10041257584;S
20240405;100642;162.51;10;10041257662;S
20240405;100642;162.51;10;10041257672;S
20240405;100643;162.51;1490;10041257846;S
20240405;100643;162.51;70;10041257847;S
20240405;100643;162.51;10;10041257848;S
20240405;100644;162.51;20;10041258031;S
20240405;100645;162.52;140;10041258129;B
20240405;100645;162.52;300;10041258130;B
20240405;100645;162.52;260;10041258131;B
20240405;100645;162.51;10;10041258240;S
20240405;100645;162.51;10;10041258254;S
20240405;100646;162.51;70;10041258329;S
20240405;100647;162.51;20;10041258465;S
20240405;100647;162.51;10;10041258517;S
20240405;100648;162.51;80;10041258575;S
20240405;100648;162.52;800;10041258641;B
20240405;100648;162.52;200;10041258642;B
20240405;100649;162.51;700;10041258879;S
20240405;100649;162.51;60;10041258880;S
20240405;100649;162.51;50;10041258881;S
20240405;100650;162.5;100;10041259075;S
20240405;100650;162.51;10;10041259087;B
20240405;100652;162.51;100;10041259322;B
20240405;100652;162.51;270;10041259333;B
20240405;100652;162.51;300;10041259334;B
20240405;100652;162.51;1000;10041259335;B
20240405;100652;162.51;480;10041259336;B
20240405;100652;162.51;800;10041259337;B
20240405;100652;162.51;800;10041259338;B
20240405;100655;162.51;300;10041259879;B
20240405;100656;162.51;100;10041260108;B
20240405;100656;162.51;100;10041260109;B
20240405;100659;162.51;100;10041260636;B
20240405;100701;162.5;900;10041260912;S
20240405;100701;162.5;100;10041260913;S
20240405;100702;162.5;850;10041261086;S
20240405;100702;162.5;60;10041261087;S
20240405;100702;162.5;10;10041261088;S
20240405;100702;162.5;1000;10041261089;S
20240405;100702;162.5;150;10041261090;S
20240405;100702;162.5;100;10041261091;S
20240405;100702;162.5;50;10041261092;S
20240405;100702;162.5;120;10041261093;S
20240405;100702;162.5;10;10041261094;S
20240405;100702;162.5;2200;10041261095;S
20240405;100702;162.5;180;10041261096;S
20240405;100702;162.5;10;10041261097;S
20240405;100702;162.5;1000;10041261098;S
20240405;100702;162.5;10;10041261099;S
20240405;100702;162.5;500;10041261100;S
20240405;100702;162.5;10;10041261101;S
20240405;100702;162.5;10;10041261102;S
20240405;100702;162.5;30;10041261103;S
20240405;100702;162.5;30;10041261141;S
20240405;100702;162.5;10;10041261162;B
20240405;100705;162.49;10;10041261793;S
20240405;100705;162.49;10;10041261810;S
20240405;100706;162.5;40;10041261979;B
20240405;100707;162.5;10;10041262163;B
20240405;100707;162.49;10;10041262188;S
20240405;100707;162.47;10;10041262189;S
20240405;100707;162.47;10;10041262190;S
20240405;100707;162.47;100;10041262191;S
20240405;100707;162.48;10;10041262214;B
20240405;100707;162.48;10;10041262227;B
20240405;100708;162.48;10;10041262386;B
20240405;100710;162.48;500;10041262677;B
20240405;100711;162.48;100;10041262828;B
20240405;100713;162.47;10;10041263080;S
20240405;100713;162.48;10;10041263085;B
20240405;100714;162.48;340;10041263248;B
20240405;100714;162.48;10;10041263318;B
20240405;100716;162.47;1150;10041263500;S
20240405;100716;162.47;10;10041263501;S
20240405;100716;162.46;20;10041263502;S
20240405;100716;162.46;300;10041263503;S
20240405;100716;162.46;20;10041263504;S
20240405;100716;162.46;10;10041263529;S
20240405;100719;162.46;10;10041264079;B
20240405;100719;162.46;10;10041264105;B
20240405;100727;162.46;10;10041265835;B
20240405;100727;162.46;100;10041265918;B
20240405;100729;162.46;450;10041266363;B
20240405;100731;162.46;10;10041266587;B
20240405;100731;162.46;10;10041266675;B
20240405;100732;162.46;400;10041266705;B
20240405;100732;162.46;100;10041266706;B
20240405;100732;162.46;100;10041266800;B
20240405;100734;162.46;470;10041267090;B
20240405;100734;162.46;530;10041267091;B
20240405;100734;162.46;170;10041267156;B
20240405;100735;162.45;10;10041267297;S
20240405;100735;162.45;10;10041267298;S
20240405;100735;162.45;10;10041267299;S
20240405;100735;162.45;10;10041267300;S
20240405;100735;162.45;100;10041267301;S
20240405;100735;162.45;60;10041267302;S
20240405;100736;162.45;30;10041267423;S
20240405;100736;162.45;210;10041267475;S
20240405;100736;162.44;40;10041267476;S
20240405;100736;162.44;10;10041267477;S
20240405;100736;162.44;470;10041267478;S
20240405;100736;162.44;1000;10041267479;S
20240405;100736;162.44;140;10041267480;S
20240405;100736;162.43;250;10041267481;S
20240405;100736;162.42;150;10041267482;S
20240405;100736;162.42;500;10041267483;S
20240405;100736;162.42;10;10041267484;S
20240405;100736;162.42;720;10041267485;S
20240405;100736;162.42;200;10041267486;S
20240405;100736;162.42;1540;10041267487;S
20240405;100736;162.41;100;10041267488;S
20240405;100736;162.41;20;10041267489;S
20240405;100736;162.41;110;10041267490;S
20240405;100736;162.41;50;10041267491;S
20240405;100736;162.41;500;10041267492;S
20240405;100736;162.41;1110;10041267493;S
20240405;100736;162.41;2500;10041267494;S
20240405;100736;162.4;370;10041267495;S
20240405;100736;162.45;10;10041267508;B
20240405;100737;162.45;100;10041267689;B
20240405;100739;162.45;500;10041267891;B
20240405;100741;162.45;10;10041268391;B
20240405;100741;162.45;10;10041268465;B
20240405;100745;162.44;10;10041269063;S
20240405;100745;162.44;340;10041269064;S
20240405;100745;162.44;100;10041269065;S
20240405;100745;162.44;30;10041269132;B
20240405;100750;162.45;10;10041269928;B
20240405;100751;162.44;200;10041270108;S
20240405;100751;162.44;10;10041270109;S
20240405;100751;162.44;100;10041270110;S
20240405;100751;162.44;460;10041270111;S
20240405;100751;162.44;800;10041270112;S
20240405;100751;162.44;530;10041270113;S
20240405;100753;162.45;20;10041270331;B
20240405;100753;162.44;10;10041270390;S
20240405;100753;162.44;10;10041270427;S
20240405;100753;162.44;450;10041270450;S
20240405;100753;162.44;300;10041270451;S
20240405;100753;162.44;800;10041270452;S
20240405;100753;162.44;460;10041270453;S
20240405;100753;162.43;1000;10041270454;S
20240405;100753;162.42;2500;10041270455;S
20240405;100753;162.42;300;10041270456;S
20240405;100753;162.41;190;10041270457;S
20240405;100755;162.41;70;10041270663;S
20240405;100756;162.44;20;10041270799;B
20240405;100756;162.44;50;10041270809;B
20240405;100757;162.44;10;10041270842;B
20240405;100757;162.44;720;10041270865;B
20240405;100757;162.44;280;10041270866;B
20240405;100757;162.41;240;10041270930;S
20240405;100757;162.41;20;10041270931;S
20240405;100757;162.4;3630;10041270932;S
20240405;100757;162.4;10;10041270933;S
20240405;100757;162.4;10;10041270934;S
20240405;100757;162.4;10;10041270935;S
20240405;100757;162.4;10;10041270936;S
20240405;100757;162.4;500;10041270937;S
20240405;100757;162.4;30;10041270938;S
20240405;100757;162.4;460;10041270939;S
20240405;100757;162.4;2500;10041270940;S
20240405;100757;162.4;300;10041270941;S
20240405;100757;162.4;450;10041270963;B
20240405;100757;162.39;10;10041270974;S
20240405;100757;162.38;10;10041270975;S
20240405;100757;162.38;20;10041270976;S
20240405;100757;162.38;60;10041270977;S
20240405;100757;162.37;10;10041270978;S
20240405;100757;162.37;140;10041270979;S
20240405;100759;162.37;860;10041271285;S
20240405;100759;162.37;460;10041271286;S
20240405;100759;162.36;1580;10041271287;S
20240405;100800;162.36;100;10041271303;S
20240405;100800;162.36;1030;10041271422;S
20240405;100800;162.36;2230;10041271423;S
20240405;100801;162.37;10;10041271445;B
20240405;100801;162.36;5060;10041271499;S
20240405;100801;162.36;100;10041271500;S
20240405;100801;162.36;30;10041271501;S
20240405;100801;162.36;1360;10041271502;S
20240405;100801;162.36;190;10041271503;S
20240405;100801;162.36;30;10041271504;S
20240405;100801;162.36;10;10041271505;S
20240405;100801;162.36;10;10041271506;S
20240405;100801;162.36;220;10041271507;S
20240405;100801;162.36;480;10041271508;S
20240405;100801;162.36;300;10041271559;B
20240405;100801;162.36;1000;10041271560;B
20240405;100801;162.36;800;10041271561;B
20240405;100801;162.36;1110;10041271562;B
20240405;100801;162.37;450;10041271563;B
20240405;100801;162.37;1000;10041271564;B
20240405;100801;162.37;340;10041271565;B
20240405;100804;162.36;10;10041272254;B
20240405;100806;162.36;100;10041272937;B
20240405;100807;162.35;1000;10041273062;S
20240405;100807;162.35;10;10041273063;S
20240405;100807;162.35;10;10041273064;S
20240405;100807;162.35;10;10041273065;S
20240405;100807;162.34;220;10041273066;S
20240405;100807;162.33;20;10041273067;S
20240405;100807;162.33;220;10041273068;S
20240405;100807;162.33;10;10041273069;S
20240405;100807;162.33;10;10041273070;S
20240405;100807;162.33;10;10041273071;S
20240405;100807;162.33;10;10041273072;S
20240405;100807;162.33;10;10041273073;S
20240405;100807;162.33;10;10041273074;S
20240405;100807;162.33;450;10041273075;S
20240405;100807;162.32;50;10041273076;S
20240405;100807;162.32;20;10041273077;S
20240405;100807;162.32;300;10041273078;S
20240405;100807;162.32;150;10041273079;S
20240405;100807;162.32;10;10041273080;S
20240405;100807;162.32;10;10041273081;S
20240405;100807;162.32;220;10041273082;S
20240405;100807;162.32;1900;10041273083;S
20240405;100807;162.32;5000;10041273084;S
20240405;100807;162.32;50;10041273085;S
20240405;100807;162.31;10;10041273086;S
20240405;100807;162.31;10;10041273087;S
20240405;100807;162.31;10;10041273088;S
20240405;100807;162.31;10;10041273089;S
20240405;100807;162.31;40;10041273090;S
20240405;100807;162.31;210;10041273091;S
20240405;100809;162.32;450;10041273414;B
20240405;100809;162.32;300;10041273415;B
20240405;100809;162.33;10;10041273416;B
20240405;100809;162.33;240;10041273417;B
20240405;100809;162.33;30;10041273443;B
20240405;100810;162.33;90;10041273483;B
20240405;100811;162.33;30;10041273684;B
20240405;100813;162.32;100;10041273876;S
20240405;100813;162.33;10;10041273895;B
20240405;100813;162.33;10;10041273921;B
20240405;100813;162.31;10;10041273977;S
20240405;100813;162.31;10;10041273978;S
20240405;100814;162.32;800;10041274056;B
20240405;100814;162.32;200;10041274057;B
20240405;100815;162.32;10;10041274200;B
20240405;100817;162.32;10;10041274423;B
20240405;100818;162.31;100;10041274636;S
20240405;100822;162.31;190;10041275318;S
20240405;100824;162.31;200;10041275603;S
20240405;100824;162.31;10;10041275604;S
20240405;100824;162.31;290;10041275605;S
20240405;100824;162.31;210;10041275610;S
20240405;100824;162.3;10;10041275611;S
20240405;100824;162.3;220;10041275612;S
20240405;100824;162.3;10;10041275613;S
20240405;100824;162.3;200;10041275614;S
20240405;100824;162.3;60;10041275615;S
20240405;100824;162.3;190;10041275619;S
20240405;100824;162.3;30;10041275620;S
20240405;100824;162.3;100;10041275621;S
20240405;100824;162.3;10;10041275622;S
20240405;100824;162.3;100;10041275623;S
20240405;100824;162.3;100;10041275624;S
20240405;100824;162.3;260;10041275625;S
20240405;100824;162.3;10;10041275644;S
20240405;100824;162.3;10;10041275688;S
20240405;100824;162.3;220;10041275694;S
20240405;100824;162.3;10;10041275695;S
20240405;100824;162.29;10;10041275696;S
20240405;100824;162.29;60;10041275697;S
20240405;100824;162.29;740;10041275698;S
20240405;100824;162.29;10690;10041275699;S
20240405;100824;162.29;20;10041275700;S
20240405;100824;162.29;60;10041275701;S
20240405;100824;162.3;300;10041275702;B
20240405;100824;162.3;700;10041275703;B
20240405;100825;162.29;40;10041275760;S
20240405;100825;162.29;400;10041275769;S
20240405;100825;162.3;20;10041275771;B
20240405;100825;162.3;100;10041275780;B
20240405;100825;162.3;180;10041275790;B
20240405;100825;162.3;120;10041275791;B
20240405;100825;162.3;10;10041275831;B
20240405;100826;162.3;670;10041275901;B
20240405;100826;162.3;300;10041275902;B
20240405;100826;162.3;30;10041275903;B
20240405;100827;162.3;10;10041276118;B
20240405;100828;162.3;250;10041276314;B
20240405;100828;162.29;10;10041276321;S
20240405;100829;162.29;10;10041276370;S
20240405;100829;162.3;10;10041276402;B
20240405;100829;162.29;10;10041276403;S
20240405;100829;162.29;40;10041276440;S
20240405;100829;162.29;10;10041276441;S
20240405;100829;162.29;10;10041276457;S
20240405;100830;162.29;10;10041276507;S
20240405;100831;162.29;10;10041276630;S
20240405;100831;162.29;10;10041276740;S
20240405;100831;162.29;10;10041276802;S
20240405;100832;162.3;450;10041276827;B
20240405;100836;162.29;90;10041277338;S
20240405;100836;162.3;100;10041277388;B
20240405;100837;162.3;500;10041277569;B
20240405;100839;162.3;10;10041277757;B
20240405;100839;162.3;20;10041277792;B
20240405;100840;162.3;170;10041277909;B
20240405;100840;162.3;10;10041277910;B
20240405;100840;162.31;820;10041277911;B
20240405;100841;162.29;90;10041278021;S
20240405;100842;162.31;40;10041278170;B
20240405;100842;162.31;180;10041278247;B
20240405;100842;162.29;2770;10041278316;S
20240405;100842;162.29;10;10041278317;S
20240405;100842;162.29;220;10041278318;S
20240405;100844;162.3;10;10041278609;S
20240405;100846;162.31;50;10041278739;B
20240405;100847;162.31;320;10041278903;B
20240405;100847;162.31;380;10041278989;B
20240405;100847;162.31;1000;10041278990;B
20240405;100847;162.31;300;10041278991;B
20240405;100847;162.31;100;10041278992;B
20240405;100847;162.32;120;10041278993;B
20240405;100847;162.32;10;10041278994;B
20240405;100847;162.32;160;10041278995;B
20240405;100847;162.33;1800;10041278996;B
20240405;100847;162.33;240;10041278997;B
20240405;100847;162.35;20;10041278998;B
20240405;100847;162.35;800;10041278999;B
20240405;100847;162.36;5070;10041279000;B
20240405;100848;162.37;100;10041279052;S
20240405;100848;162.4;10;10041279076;B
20240405;100849;162.4;100;10041279181;B
20240405;100849;162.38;10;10041279228;S
20240405;100853;162.4;1000;10041279708;B
20240405;100854;162.39;10;10041279876;S
20240405;100854;162.39;420;10041279877;S
20240405;100854;162.38;70;10041279878;S
20240405;100854;162.38;920;10041279895;S
20240405;100854;162.38;80;10041279896;S
20240405;100856;162.4;50;10041280085;B
20240405;100856;162.38;1200;10041280127;S
20240405;100856;162.37;420;10041280128;S
20240405;100856;162.36;380;10041280129;S
20240405;100858;162.39;10;10041280516;B
20240405;100859;162.36;620;10041280530;S
20240405;100859;162.36;210;10041280531;S
20240405;100859;162.36;400;10041280532;S
20240405;100859;162.39;990;10041280617;B
20240405;100859;162.39;420;10041280618;B
20240405;100859;162.4;3590;10041280619;B
20240405;100900;162.35;1000;10041280645;S
20240405;100900;162.35;420;10041280646;S
20240405;100900;162.35;300;10041280647;S
20240405;100900;162.33;40;10041280648;S
20240405;100900;162.33;220;10041280649;S
20240405;100900;162.32;220;10041280650;S
20240405;100900;162.32;50;10041280651;S
20240405;100900;162.32;1110;10041280652;S
20240405;100900;162.32;1540;10041280653;S
20240405;100900;162.31;220;10041280654;S
20240405;100900;162.31;800;10041280655;S
20240405;100900;162.31;100;10041280656;S
20240405;100900;162.3;10;10041280657;S
20240405;100900;162.3;500;10041280658;S
20240405;100900;162.3;220;10041280659;S
20240405;100900;162.3;800;10041280660;S
20240405;100900;162.3;800;10041280661;S
20240405;100900;162.3;1650;10041280662;S
20240405;100900;162.35;500;10041280730;S
20240405;100900;162.32;220;10041280731;S
20240405;100900;162.32;40;10041280732;S
20240405;100900;162.32;1110;10041280733;S
20240405;100900;162.31;1000;10041280734;S
20240405;100900;162.31;220;10041280735;S
20240405;100900;162.31;850;10041280736;S
20240405;100900;162.31;900;10041280737;S
20240405;100900;162.3;220;10041280738;S
20240405;100900;162.3;1540;10041280739;S
20240405;100900;162.3;300;10041280740;S
20240405;100900;162.29;100;10041280741;S
20240405;100900;162.32;300;10041280743;S
20240405;100900;162.32;200;10041280869;S
20240405;100900;162.31;220;10041280870;S
20240405;100900;162.3;220;10041280871;S
20240405;100901;162.3;1680;10041280917;B
20240405;100901;162.34;300;10041280918;B
20240405;100901;162.36;20;10041280919;B
20240405;100901;162.33;50;10041281012;B
20240405;100903;162.34;10;10041281293;B
20240405;100904;162.34;10;10041281377;B
20240405;100908;162.34;300;10041281982;S
20240405;100908;162.34;340;10041281983;S
20240405;100910;162.35;100;10041282245;B
20240405;100912;162.39;70;10041282453;B
20240405;100912;162.38;10;10041282542;S
20240405;100912;162.37;10;10041282543;S
20240405;100912;162.37;280;10041282544;S
20240405;100912;162.4;2000;10041282575;B
20240405;100913;162.4;1000;10041282610;B
20240405;100914;162.39;320;10041282717;S
20240405;100916;162.4;10;10041283047;B
20240405;100916;162.41;40;10041283048;B
20240405;100917;162.41;10;10041283243;B
20240405;100918;162.41;10;10041283351;B
20240405;100918;162.41;100;10041283430;B
20240405;100919;162.41;100;10041283448;B
20240405;100922;162.4;10;10041283995;S
20240405;100923;162.4;290;10041284118;S
20240405;100923;162.4;390;10041284119;S
20240405;100923;162.4;1000;10041284120;S
20240405;100923;162.4;800;10041284121;S
20240405;100923;162.4;10;10041284122;S
20240405;100923;162.4;500;10041284123;S
20240405;100923;162.4;100;10041284152;B
20240405;100923;162.4;50;10041284177;B
20240405;100926;162.39;30;10041284594;S
20240405;100926;162.39;470;10041284650;S
20240405;100926;162.39;1000;10041284651;S
20240405;100926;162.39;200;10041284652;S
20240405;100926;162.39;50;10041284653;S
20240405;100926;162.38;280;10041284654;S
20240405;100927;162.4;20;10041284720;B
20240405;100928;162.4;2000;10041284808;B
20240405;100931;162.39;20;10041285270;S
20240405;100931;162.39;30;10041285271;S
20240405;100931;162.39;20;10041285282;S
20240405;100934;162.4;950;10041285644;B
20240405;100934;162.4;1050;10041285645;B
20240405;100934;162.4;310;10041285678;B
20240405;100936;162.4;710;10041285942;B
20240405;100936;162.41;3900;10041285943;B
20240405;100936;162.41;390;10041285944;B
20240405;100936;162.4;20;10041285958;S
20240405;100940;162.4;100;10041286371;S
20240405;100940;162.41;3000;10041286380;B
20240405;100941;162.41;10;10041286580;B
20240405;100942;162.41;580;10041286711;B
20240405;100943;162.41;10;10041286922;B
20240405;100946;162.41;10;10041287241;B
20240405;100950;162.41;20;10041287678;B
20240405;100950;162.41;440;10041287730;B
20240405;100950;162.41;1560;10041287731;B
20240405;100955;162.4;70;10041288354;S
20240405;100955;162.41;10;10041288429;B
20240405;100956;162.41;20;10041288458;B
20240405;100956;162.4;10;10041288531;S
20240405;100957;162.41;770;10041288632;B
20240405;100957;162.41;230;10041288633;B
20240405;100958;162.41;1000;10041288838;B
20240405;100958;162.4;30;10041288851;S
20240405;101002;162.41;120;10041289583;B
20240405;101003;162.41;20;10041289649;B
20240405;101005;162.41;1700;10041289898;B
20240405;101005;162.41;300;10041289899;B
20240405;101005;162.41;130;10041289934;B
20240405;101005;162.41;870;10041289935;B
20240405;101008;162.41;130;10041290267;B
20240405;101008;162.41;870;10041290268;B
20240405;101008;162.4;20;10041290273;S
20240405;101009;162.41;20;10041290440;B
20240405;101009;162.4;250;10041290460;S
20240405;101009;162.4;70;10041290461;S
20240405;101009;162.4;120;10041290462;S
20240405;101010;162.41;110;10041290611;B
20240405;101010;162.41;100;10041290612;B
20240405;101010;162.41;290;10041290613;B
20240405;101011;162.41;10;10041290718;B
20240405;101017;162.41;100;10041291557;B
20240405;101017;162.41;10;10041291694;B
20240405;101018;162.41;990;10041291771;B
20240405;101018;162.41;10;10041291772;B
20240405;101020;162.41;60;10041292002;B
20240405;101020;162.4;380;10041292035;S
20240405;101020;162.4;50;10041292036;S
20240405;101020;162.4;50;10041292037;S
20240405;101020;162.4;1000;10041292038;S
20240405;101020;162.4;30;10041292039;S
20240405;101020;162.4;300;10041292040;S
20240405;101020;162.4;190;10041292041;S
20240405;101020;162.41;60;10041292086;B
20240405;101023;162.4;40;10041292464;S
20240405;101023;162.4;230;10041292473;S
20240405;101023;162.41;20;10041292499;B
20240405;101024;162.41;100;10041292666;B
20240405;101025;162.41;300;10041292786;B
20240405;101026;162.41;450;10041292852;B
20240405;101026;162.41;550;10041292853;B
20240405;101027;162.41;20;10041293053;B
20240405;101027;162.41;30;10041293054;B
20240405;101028;162.41;70;10041293176;B
20240405;101028;162.41;130;10041293177;B
20240405;101028;162.4;40;10041293188;S
20240405;101028;162.4;160;10041293189;S
20240405;101032;162.4;30;10041293787;S
20240405;101032;162.41;150;10041293832;B
20240405;101032;162.41;2200;10041293833;B
20240405;101034;162.41;200;10041294000;B
20240405;101035;162.4;810;10041294151;S
20240405;101035;162.4;300;10041294152;S
20240405;101035;162.4;500;10041294153;S
20240405;101035;162.4;50;10041294154;S
20240405;101035;162.39;160;10041294155;S
20240405;101036;162.4;300;10041294221;B
20240405;101036;162.4;200;10041294222;B
20240405;101038;162.4;50;10041294436;B
20240405;101039;162.4;250;10041294580;B
20240405;101039;162.4;20;10041294581;B
20240405;101039;162.4;1000;10041294607;B
20240405;101039;162.41;20;10041294654;B
20240405;101040;162.41;500;10041294701;B
20240405;101041;162.4;80;10041294825;S
20240405;101045;162.4;20;10041295455;S
20240405;101045;162.4;380;10041295456;S
20240405;101045;162.4;600;10041295457;S
20240405;101045;162.41;1000;10041295585;B
20240405;101046;162.4;10;10041295741;S
20240405;101048;162.41;10;10041295918;B
20240405;101050;162.4;1000;10041296297;S
20240405;101050;162.4;200;10041296298;S
20240405;101052;162.41;10;10041296687;B
20240405;101054;162.4;50;10041296923;S
20240405;101057;162.4;30;10041297134;S
20240405;101058;162.41;10;10041297365;B
20240405;101059;162.4;10;10041297618;S
20240405;101100;162.4;50;10041297683;S
20240405;101100;162.4;160;10041297748;S
20240405;101100;162.4;2020;10041297749;S
20240405;101101;162.39;10;10041297794;S
20240405;101105;162.4;30;10041298527;B
20240405;101105;162.4;30;10041298533;B
20240405;101105;162.4;10;10041298560;B
20240405;101106;162.39;40;10041298688;S
20240405;101106;162.39;500;10041298689;S
20240405;101106;162.39;370;10041298690;S
20240405;101106;162.38;50;10041298691;S
20240405;101106;162.38;100;10041298692;S
20240405;101106;162.37;200;10041298693;S
20240405;101106;162.37;1110;10041298694;S
20240405;101106;162.36;20;10041298695;S
20240405;101106;162.36;510;10041298696;S
20240405;101110;162.37;10;10041299366;S
20240405;101113;162.38;30;10041299818;B
20240405;101119;162.38;50;10041300676;B
20240405;101119;162.39;70;10041300677;B
20240405;101122;162.39;30;10041301341;B
20240405;101122;162.4;220;10041301342;B
20240405;101122;162.4;110;10041301343;B
20240405;101122;162.4;2000;10041301344;B
20240405;101122;162.4;100;10041301345;B
20240405;101124;162.41;100;10041301556;B
20240405;101124;162.41;300;10041301571;B
20240405;101126;162.41;10;10041301693;B
20240405;101133;162.4;10;10041302679;S
20240405;101134;162.4;10;10041302983;S
20240405;101137;162.41;10;10041303403;B
20240405;101137;162.41;100;10041303527;B
20240405;101138;162.41;20;10041303602;B
20240405;101139;162.4;500;10041303755;S
20240405;101139;162.4;800;10041303756;S
20240405;101139;162.4;40;10041303847;S
20240405;101139;162.4;100;10041303901;S
20240405;101140;162.4;10;10041304071;S
20240405;101141;162.41;20;10041304116;B
20240405;101142;162.4;10;10041304324;S
20240405;101145;162.4;230;10041304639;S
20240405;101145;162.4;570;10041304640;S
20240405;101145;162.4;200;10041304641;S
20240405;101148;162.4;300;10041305022;S
20240405;101148;162.4;30;10041305023;S
20240405;101148;162.39;300;10041305024;S
20240405;101149;162.4;100;10041305176;B
20240405;101155;162.4;10;10041305981;B
20240405;101156;162.4;100;10041306083;B
20240405;101156;162.39;30;10041306097;S
20240405;101156;162.4;10;10041306110;B
20240405;101157;162.4;30;10041306271;B
20240405;101159;162.4;10;10041306423;B
20240405;101159;162.4;90;10041306517;B
20240405;101200;162.39;170;10041306585;S
20240405;101200;162.39;10;10041306586;S
20240405;101200;162.39;180;10041306587;S
20240405;101201;162.39;500;10041306716;S
20240405;101201;162.39;100;10041306734;B
20240405;101202;162.39;10;10041306961;B
20240405;101203;162.39;10;10041307034;B
20240405;101205;162.39;10;10041307454;B
20240405;101208;162.39;10;10041307766;B
20240405;101208;162.39;10;10041307767;B
20240405;101208;162.39;80;10041307839;B
20240405;101208;162.39;140;10041307843;B
20240405;101208;162.38;20;10041307869;S
20240405;101212;162.39;20;10041308324;B
20240405;101214;162.38;10;10041308527;S
20240405;101214;162.38;500;10041308528;S
20240405;101214;162.38;3080;10041308529;S
20240405;101214;162.38;340;10041308530;S
20240405;101214;162.37;250;10041308531;S
20240405;101214;162.37;10;10041308532;S
20240405;101214;162.37;300;10041308533;S
20240405;101214;162.36;10;10041308534;S
20240405;101214;162.36;120;10041308535;S
20240405;101214;162.36;500;10041308536;S
20240405;101214;162.36;30;10041308537;S
20240405;101214;162.36;4850;10041308538;S
20240405;101215;162.38;10;10041308698;S
20240405;101217;162.38;90;10041308916;S
20240405;101217;162.37;30;10041308917;S
20240405;101218;162.39;110;10041309027;B
20240405;101218;162.39;250;10041309028;B
20240405;101218;162.39;300;10041309052;B
20240405;101220;162.39;10;10041309296;B
20240405;101221;162.39;20;10041309332;B
20240405;101222;162.39;10;10041309518;B
20240405;101223;162.39;500;10041309573;B
20240405;101225;162.39;400;10041309860;B
20240405;101225;162.4;600;10041309861;B
20240405;101225;162.4;300;10041309864;B
20240405;101225;162.39;290;10041309883;S
20240405;101226;162.4;10;10041309976;B
20240405;101227;162.39;60;10041310122;S
20240405;101228;162.39;150;10041310252;S
20240405;101232;162.4;100;10041310725;B
20240405;101233;162.39;1000;10041310846;S
20240405;101233;162.39;330;10041310847;S
20240405;101233;162.39;100;10041310848;S
20240405;101233;162.39;570;10041310849;S
20240405;101233;162.39;230;10041310851;S
20240405;101233;162.39;170;10041310852;S
20240405;101234;162.4;10;10041310967;B
20240405;101234;162.4;10;10041311012;B
20240405;101234;162.4;20;10041311022;B
20240405;101235;162.39;400;10041311109;S
20240405;101239;162.39;90;10041311652;S
20240405;101239;162.38;30;10041311653;S
20240405;101239;162.38;280;10041311654;S
20240405;101241;162.38;20;10041311936;S
20240405;101241;162.38;60;10041311937;S
20240405;101243;162.37;50;10041312212;S
20240405;101243;162.37;100;10041312213;S
20240405;101243;162.37;50;10041312214;S
20240405;101243;162.36;400;10041312215;S
20240405;101243;162.36;400;10041312242;S
20240405;101244;162.37;10;10041312350;B
20240405;101245;162.37;200;10041312571;B
20240405;101245;162.37;10;10041312603;B
20240405;101247;162.36;400;10041312738;S
20240405;101247;162.37;30;10041312828;B
20240405;101248;162.37;30;10041312913;B
20240405;101248;162.37;20;10041312924;B
20240405;101248;162.37;710;10041312926;B
20240405;101248;162.38;290;10041312927;B
20240405;101250;162.38;100;10041313217;B
20240405;101251;162.36;400;10041313234;S
20240405;101251;162.38;30;10041313251;B
20240405;101256;162.37;20;10041313823;S
20240405;101256;162.37;330;10041313824;S
20240405;101256;162.37;300;10041313825;S
20240405;101256;162.36;3700;10041313826;S
20240405;101256;162.36;100;10041313827;S
20240405;101256;162.36;10;10041313828;S
20240405;101256;162.35;500;10041313829;S
20240405;101256;162.35;1000;10041313830;S
20240405;101256;162.35;4040;10041313831;S
20240405;101256;162.35;30;10041313861;S
20240405;101256;162.36;300;10041313862;B
20240405;101258;162.35;2500;10041314172;S
20240405;101300;162.36;10;10041314445;B
20240405;101300;162.36;20;10041314460;B
20240405;101305;162.36;10;10041315153;B
20240405;101305;162.36;1000;10041315222;B
20240405;101312;162.36;300;10041315883;B
20240405;101312;162.36;60;10041315951;B
20240405;101314;162.36;10;10041316142;B
20240405;101314;162.36;20;10041316154;B
20240405;101314;162.36;20;10041316204;B
20240405;101321;162.36;500;10041316972;B
20240405;101326;162.36;10;10041317621;B
20240405;101328;162.36;260;10041317892;B
20240405;101328;162.38;70;10041317893;B
20240405;101328;162.38;490;10041317894;B
20240405;101328;162.39;180;10041317895;B
20240405;101328;162.38;290;10041317911;S
20240405;101331;162.38;30;10041318273;S
20240405;101333;162.39;10;10041318489;B
20240405;101335;162.39;500;10041318713;B
20240405;101335;162.39;50;10041318733;B
20240405;101335;162.39;10;10041318741;B
20240405;101337;162.38;50;10041318870;S
20240405;101338;162.39;100;10041319012;B
20240405;101338;162.39;250;10041319013;B
20240405;101339;162.39;10;10041319146;B
20240405;101340;162.38;20;10041319236;S
20240405;101342;162.4;1340;10041319582;B
20240405;101342;162.4;20;10041319583;B
20240405;101342;162.4;40;10041319584;B
20240405;101342;162.4;480;10041319585;B
20240405;101342;162.41;820;10041319586;B
20240405;101342;162.41;300;10041319587;B
20240405;101345;162.41;30;10041319899;B
20240405;101345;162.41;10;10041319922;B
20240405;101346;162.41;20;10041320008;B
20240405;101347;162.4;10;10041320060;S
20240405;101348;162.4;10;10041320158;S
20240405;101349;162.4;420;10041320337;S
20240405;101351;162.4;370;10041320714;S
20240405;101351;162.4;230;10041320715;S
20240405;101352;162.41;10;10041320839;B
20240405;101353;162.4;400;10041320948;S
20240405;101356;162.41;950;10041321167;B
20240405;101356;162.41;50;10041321168;B
20240405;101358;162.41;750;10041321591;B
20240405;101359;162.41;20;10041321643;B
20240405;101404;162.41;210;10041322221;B
20240405;101404;162.41;100;10041322319;B
20240405;101405;162.39;470;10041322402;S
20240405;101405;162.39;130;10041322403;S
20240405;101407;162.39;800;10041322677;S
20240405;101408;162.39;10;10041322775;S
20240405;101408;162.39;400;10041322850;S
20240405;101410;162.4;10;10041323107;B
20240405;101411;162.39;400;10041323272;S
20240405;101411;162.4;790;10041323291;B
20240405;101412;162.41;10;10041323441;B
20240405;101414;162.41;140;10041323625;B
20240405;101415;162.41;30;10041323861;B
20240405;101423;162.4;300;10041324851;S
20240405;101423;162.41;390;10041324900;B
20240405;101423;162.41;10;10041324901;B
20240405;101423;162.41;600;10041324902;B
20240405;101423;162.41;10;10041324948;B
20240405;101424;162.41;390;10041325071;B
20240405;101424;162.41;10;10041325072;B
20240405;101424;162.41;600;10041325073;B
20240405;101424;162.41;10;10041325075;B
20240405;101427;162.41;100;10041325501;B
20240405;101427;162.4;800;10041325547;S
20240405;101427;162.4;800;10041325598;S
20240405;101429;162.4;310;10041325951;S
20240405;101429;162.4;470;10041325952;S
20240405;101429;162.4;120;10041325953;S
20240405;101429;162.4;10;10041325954;S
20240405;101429;162.4;30;10041325955;S
20240405;101429;162.4;60;10041325956;S
20240405;101429;162.41;240;10041325957;B
20240405;101429;162.4;240;10041326086;S
20240405;101429;162.4;10;10041326087;S
20240405;101429;162.39;350;10041326088;S
20240405;101430;162.41;50;10041326217;B
20240405;101430;162.41;150;10041326218;B
20240405;101431;162.4;300;10041326394;S
20240405;101431;162.39;300;10041326395;S
20240405;101432;162.4;20;10041326544;S
20240405;101433;162.41;50;10041326617;B
20240405;101433;162.41;20;10041326631;B
20240405;101435;162.41;120;10041326789;B
20240405;101439;162.4;400;10041327316;S
20240405;101440;162.4;10;10041327496;S
20240405;101440;162.39;70;10041327497;S
20240405;101441;162.4;10;10041327587;S
20240405;101441;162.39;790;10041327588;S
20240405;101441;162.39;1000;10041327652;S
20240405;101442;162.39;750;10041327749;S
20240405;101442;162.39;20;10041327750;S
20240405;101442;162.39;10;10041327751;S
20240405;101442;162.39;100;10041327752;S
20240405;101442;162.39;10;10041327753;S
20240405;101442;162.38;50;10041327754;S
20240405;101442;162.38;310;10041327755;S
20240405;101442;162.38;100;10041327756;S
20240405;101442;162.38;24650;10041327757;S
20240405;101443;162.38;1000;10041327926;S
20240405;101443;162.39;50;10041327952;B
20240405;101443;162.38;600;10041327957;S
20240405;101444;162.38;10650;10041328019;S
20240405;101445;162.38;400;10041328208;S
20240405;101445;162.38;30;10041328252;S
20240405;101447;162.39;40;10041328487;B
20240405;101447;162.39;40;10041328513;B
20240405;101448;162.38;30;10041328633;S
20240405;101449;162.38;300;10041328732;S
20240405;101452;162.39;100;10041329328;B
20240405;101452;162.38;590;10041329333;S
20240405;101453;162.38;100;10041329345;S
20240405;101454;162.39;100;10041329467;B
20240405;101454;162.39;100;10041329478;B
20240405;101454;162.39;60;10041329504;B
20240405;101456;162.38;2500;10041329764;S
20240405;101457;162.36;90;10041329963;S
20240405;101457;162.36;10;10041329964;S
20240405;101457;162.36;70;10041329965;S
20240405;101457;162.35;230;10041329966;S
20240405;101458;162.35;800;10041330096;S
20240405;101458;162.36;300;10041330187;B
20240405;101458;162.36;700;10041330188;B
20240405;101458;162.36;20;10041330199;B
20240405;101459;162.35;800;10041330285;S
20240405;101459;162.37;10;10041330319;B
20240405;101500;162.36;100;10041330429;S
20240405;101500;162.35;900;10041330430;S
20240405;101501;162.37;10;10041330672;B
20240405;101501;162.36;1000;10041330732;S
20240405;101501;162.35;200;10041330733;S
20240405;101502;162.35;3170;10041330915;S
20240405;101502;162.35;590;10041330942;S
20240405;101502;162.35;1000;10041331017;S
20240405;101502;162.36;350;10041331147;B
20240405;101503;162.36;10;10041331320;B
20240405;101503;162.35;600;10041331332;S
20240405;101505;162.35;800;10041331852;S
20240405;101505;162.35;500;10041331940;S
20240405;101506;162.35;1000;10041332262;S
20240405;101507;162.35;1200;10041332555;S
20240405;101508;162.35;1200;10041332857;S
20240405;101509;162.35;440;10041333133;S
20240405;101509;162.35;30;10041333134;S
20240405;101509;162.35;50;10041333135;S
20240405;101509;162.35;10;10041333136;S
20240405;101509;162.35;10;10041333137;S
20240405;101509;162.35;10;10041333138;S
20240405;101509;162.35;10;10041333139;S
20240405;101509;162.35;100;10041333140;S
20240405;101509;162.34;500;10041333141;S
20240405;101509;162.34;10;10041333142;S
20240405;101509;162.33;30;10041333143;S
20240405;101509;162.33;20;10041333192;S
20240405;101509;162.34;1000;10041333258;B
20240405;101509;162.34;1000;10041333259;B
20240405;101510;162.34;800;10041333360;B
20240405;101510;162.34;2500;10041333361;B
20240405;101510;162.35;800;10041333362;B
20240405;101510;162.35;1030;10041333363;B
20240405;101510;162.35;300;10041333364;B
20240405;101510;162.36;600;10041333564;S
20240405;101511;162.35;10;10041333846;S
20240405;101511;162.35;80;10041333865;S
20240405;101511;162.35;600;10041333971;S
20240405;101514;162.39;10;10041334749;B
20240405;101514;162.39;20;10041334764;B
20240405;101514;162.37;10;10041334799;S
20240405;101514;162.37;2410;10041334800;S
20240405;101514;162.36;50;10041334801;S
20240405;101514;162.36;10;10041334802;S
20240405;101514;162.35;20;10041334803;S
20240405;101514;162.38;10;10041334866;B
20240405;101516;162.35;10;10041335154;S
20240405;101516;162.35;460;10041335171;S
20240405;101520;162.37;20;10041335863;S
20240405;101521;162.37;980;10041336132;B
20240405;101521;162.38;970;10041336133;B
20240405;101521;162.38;30;10041336196;S
20240405;101522;162.4;2000;10041336305;B
20240405;101523;162.4;20;10041336352;S
20240405;101523;162.4;10;10041336368;S
20240405;101524;162.39;960;10041336583;S
20240405;101524;162.38;6520;10041336584;S
20240405;101524;162.37;10;10041336585;S
20240405;101524;162.36;1540;10041336586;S
20240405;101524;162.36;1110;10041336587;S
20240405;101524;162.35;3390;10041336588;S
20240405;101524;162.35;10;10041336589;S
20240405;101524;162.35;230;10041336590;S
20240405;101524;162.35;2500;10041336591;S
20240405;101524;162.34;100;10041336592;S
20240405;101524;162.34;10;10041336593;S
20240405;101524;162.34;100;10041336594;S
20240405;101524;162.34;100;10041336595;S
20240405;101524;162.34;1000;10041336596;S
20240405;101524;162.34;300;10041336597;S
20240405;101524;162.34;40;10041336598;S
20240405;101524;162.34;2080;10041336599;S
20240405;101524;162.36;970;10041336604;B
20240405;101525;162.33;40;10041336958;S
20240405;101525;162.33;10;10041336959;S
20240405;101525;162.33;30;10041336960;S
20240405;101525;162.33;520;10041336961;S
20240405;101525;162.33;400;10041337010;S
20240405;101526;162.36;10;10041337217;B
20240405;101526;162.33;30;10041337219;S
20240405;101527;162.36;10;10041337366;B
20240405;101527;162.36;10;10041337430;B
20240405;101528;162.36;20;10041337920;B
20240405;101530;162.36;10;10041338358;B
20240405;101531;162.36;20;10041338575;B
20240405;101531;162.38;140;10041338576;B
20240405;101531;162.38;10;10041338626;B
20240405;101532;162.37;500;10041338905;B
20240405;101534;162.36;10;10041339303;B
20240405;101536;162.35;10;10041339803;S
20240405;101539;162.35;50;10041340280;S
20240405;101539;162.35;10;10041340282;S
20240405;101546;162.36;30;10041342036;S
20240405;101546;162.35;350;10041342037;S
20240405;101549;162.37;100;10041342771;B
20240405;101554;162.38;10;10041343652;B
20240405;101554;162.35;690;10041343741;S
20240405;101554;162.35;740;10041343742;S
20240405;101555;162.39;200;10041343946;B
20240405;101556;162.39;100;10041344113;B
20240405;101556;162.39;900;10041344114;B
20240405;101557;162.37;20;10041344279;S
20240405;101557;162.37;80;10041344280;S
20240405;101557;162.37;10;10041344318;S
20240405;101557;162.38;20;10041344342;B
20240405;101558;162.38;10;10041344588;B
20240405;101600;162.38;10;10041344915;B
20240405;101603;162.36;300;10041345486;S
20240405;101606;162.38;20;10041346156;B
20240405;101607;162.37;110;10041346372;S
20240405;101609;162.37;400;10041346632;S
20240405;101609;162.38;300;10041346708;B
20240405;101609;162.38;700;10041346709;B
20240405;101610;162.36;10;10041346889;S
20240405;101611;162.38;20;10041347015;B
20240405;101611;162.37;600;10041347059;S
20240405;101611;162.36;1990;10041347115;S
20240405;101611;162.36;1310;10041347116;S
20240405;101623;162.38;20;10041349139;B
20240405;101623;162.38;10;10041349186;B
20240405;101624;162.38;10;10041349307;B
20240405;101625;162.38;940;10041349349;B
20240405;101625;162.38;1060;10041349350;B
20240405;101628;162.38;10;10041349965;B
20240405;101628;162.38;10;10041349966;B
20240405;101631;162.38;10;10041350487;B
20240405;101632;162.37;10;10041350863;S
20240405;101632;162.37;80;10041350864;S
20240405;101633;162.38;200;10041351085;B
20240405;101636;162.38;10;10041351651;B
20240405;101636;162.38;10;10041351703;B
20240405;101638;162.38;30;10041352081;B
20240405;101640;162.37;10;10041352353;S
20240405;101640;162.37;80;10041352354;S
20240405;101640;162.38;10;10041352363;B
20240405;101640;162.37;10;10041352409;S
20240405;101642;162.38;500;10041352692;B
20240405;101643;162.38;30;10041352773;B
20240405;101645;162.37;1020;10041353056;S
20240405;101645;162.37;5000;10041353057;S
20240405;101646;162.37;20;10041353147;B
20240405;101647;162.37;460;10041353439;B
20240405;101647;162.38;460;10041353440;B
20240405;101647;162.39;60;10041353441;B
20240405;101647;162.4;200;10041353442;B
20240405;101647;162.4;820;10041353443;B
20240405;101650;162.38;10;10041353884;S
20240405;101650;162.37;20;10041353885;S
20240405;101651;162.4;70;10041353988;B
20240405;101655;162.38;40;10041354774;S
20240405;101655;162.38;60;10041354775;S
20240405;101656;162.4;30;10041354967;B
20240405;101658;162.4;30;10041355578;B
20240405;101659;162.4;30;10041355857;B
20240405;101700;162.4;20;10041356121;B
20240405;101700;162.4;10;10041356122;B
20240405;101701;162.4;30;10041356380;B
20240405;101701;162.4;20;10041356405;B
20240405;101701;162.4;30;10041356406;B
20240405;101702;162.4;10;10041356500;B
20240405;101702;162.4;10;10041356668;B
20240405;101705;162.4;800;10041357083;B
20240405;101706;162.4;100;10041357218;B
20240405;101708;162.4;670;10041357525;B
20240405;101708;162.4;1480;10041357526;B
20240405;101708;162.4;10;10041357527;B
20240405;101708;162.4;300;10041357528;B
20240405;101708;162.4;540;10041357529;B
20240405;101711;162.4;10;10041357818;B
20240405;101713;162.4;10;10041358138;B
20240405;101714;162.39;20;10041358238;S
20240405;101714;162.4;500;10041358257;B
20240405;101715;162.4;10;10041358494;B
20240405;101716;162.4;10;10041358592;B
20240405;101717;162.4;10;10041358740;B
20240405;101719;162.39;80;10041359133;S
20240405;101719;162.39;200;10041359134;S
20240405;101719;162.39;50;10041359135;S
20240405;101719;162.38;470;10041359136;S
20240405;101719;162.38;470;10041359224;S
20240405;101719;162.38;420;10041359225;S
20240405;101719;162.38;110;10041359226;S
20240405;101720;162.38;300;10041359362;B
20240405;101720;162.38;2500;10041359363;B
20240405;101720;162.39;1460;10041359364;B
20240405;101720;162.4;2310;10041359365;B
20240405;101720;162.4;150;10041359366;B
20240405;101720;162.41;27000;10041359367;B
20240405;101720;162.41;100;10041359368;B
20240405;101720;162.42;220;10041359369;B
20240405;101720;162.42;1780;10041359370;B
20240405;101720;162.42;1000;10041359371;B
20240405;101720;162.42;1930;10041359372;B
20240405;101720;162.43;5050;10041359373;B
20240405;101720;162.43;10;10041359374;B
20240405;101720;162.43;1000;10041359375;B
20240405;101720;162.43;220;10041359376;B
20240405;101720;162.44;40;10041359377;B
20240405;101720;162.44;30;10041359378;B
20240405;101720;162.44;500;10041359379;B
20240405;101720;162.44;1000;10041359380;B
20240405;101720;162.44;220;10041359381;B
20240405;101720;162.44;5000;10041359382;B
20240405;101720;162.45;3950;10041359383;B
20240405;101720;162.45;500;10041359384;B
20240405;101720;162.45;30;10041359385;B
20240405;101720;162.45;70;10041359386;B
20240405;101720;162.45;1000;10041359387;B
20240405;101720;162.45;220;10041359388;B
20240405;101720;162.46;60;10041359389;B
20240405;101720;162.46;500;10041359390;B
20240405;101720;162.46;1000;10041359391;B
20240405;101720;162.46;220;10041359392;B
20240405;101720;162.46;500;10041359393;B
20240405;101720;162.47;500;10041359394;B
20240405;101720;162.47;1000;10041359395;B
20240405;101720;162.47;220;10041359396;B
20240405;101720;162.48;500;10041359397;B
20240405;101720;162.48;1000;10041359398;B
20240405;101720;162.48;220;10041359399;B
20240405;101720;162.48;6500;10041359400;B
20240405;101720;162.48;300;10041359401;S
20240405;101720;162.48;300;10041359402;S
20240405;101720;162.48;300;10041359404;S
20240405;101720;162.48;300;10041359407;S
20240405;101720;162.48;300;10041359408;S
20240405;101720;162.49;100;10041359410;B
20240405;101720;162.49;100;10041359411;B
20240405;101720;162.49;10;10041359412;B
20240405;101720;162.49;90;10041359413;B
20240405;101721;162.49;110;10041359703;B
20240405;101721;162.49;890;10041359797;S
20240405;101721;162.49;300;10041359798;S
20240405;101721;162.49;10;10041359799;S
20240405;101721;162.49;490;10041359864;S
20240405;101721;162.49;710;10041359865;S
20240405;101723;162.49;90;10041360211;S
20240405;101723;162.49;1000;10041360212;S
20240405;101723;162.49;110;10041360213;S
20240405;101723;162.49;190;10041360265;S
20240405;101723;162.49;410;10041360266;S
20240405;101725;162.49;400;10041360572;S
20240405;101726;162.5;20;10041360696;B
20240405;101727;162.5;160;10041360889;B
20240405;101727;162.5;90;10041360890;B
20240405;101727;162.5;10;10041360891;B
20240405;101727;162.5;40;10041360892;B
20240405;101727;162.51;300;10041360893;B
20240405;101727;162.51;400;10041360894;B
20240405;101727;162.51;710;10041360970;B
20240405;101727;162.51;60;10041360971;B
20240405;101727;162.51;1670;10041360972;B
20240405;101727;162.52;1500;10041360973;B
20240405;101727;162.52;60;10041360974;B
20240405;101727;162.53;50;10041360975;B
20240405;101727;162.53;1750;10041360976;B
20240405;101728;162.54;20;10041361080;B
20240405;101731;162.5;30;10041361925;S
20240405;101733;162.49;400;10041362280;S
20240405;101734;162.5;10;10041362507;B
20240405;101736;162.5;990;10041362946;B
20240405;101736;162.5;10;10041362947;B
20240405;101736;162.5;1580;10041362948;B
20240405;101737;162.53;10;10041363314;B
20240405;101739;162.5;10;10041363619;S
20240405;101740;162.5;10000;10041363930;S
20240405;101741;162.53;200;10041364085;B
20240405;101744;162.5;800;10041364639;S
20240405;101745;162.52;10;10041364741;B
20240405;101745;162.5;1000;10041364761;S
20240405;101746;162.5;600;10041364919;S
20240405;101752;162.5;400;10041365715;S
20240405;101752;162.51;10;10041365746;B
20240405;101753;162.51;150;10041365808;B
20240405;101753;162.51;10;10041365852;B
20240405;101758;162.5;800;10041366558;S
20240405;101759;162.5;400;10041366726;S
20240405;101759;162.51;830;10041366800;B
20240405;101759;162.52;1370;10041366801;B
20240405;101759;162.52;300;10041366802;B
20240405;101759;162.53;1000;10041366803;B
20240405;101759;162.54;200;10041366804;B
20240405;101759;162.54;910;10041366805;B
20240405;101759;162.54;380;10041366806;B
20240405;101759;162.55;10;10041366807;B
20240405;101800;162.5;10;10041366966;S
20240405;101800;162.5;280;10041367047;S
20240405;101800;162.52;10;10041367055;B
20240405;101801;162.5;1120;10041367063;S
20240405;101801;162.5;50;10041367064;S
20240405;101801;162.5;40;10041367065;S
20240405;101801;162.5;300;10041367122;B
20240405;101802;162.5;40;10041367327;B
20240405;101806;162.49;100;10041368284;S
20240405;101806;162.49;700;10041368285;S
20240405;101807;162.49;300;10041368450;S
20240405;101807;162.49;700;10041368451;S
20240405;101807;162.5;100;10041368537;B
20240405;101808;162.49;20;10041368638;S
20240405;101808;162.49;10;10041368733;S
20240405;101808;162.49;10;10041368734;S
20240405;101808;162.49;10;10041368735;S
20240405;101808;162.49;10;10041368736;S
20240405;101808;162.49;10;10041368737;S
20240405;101808;162.49;20;10041368738;S
20240405;101808;162.49;10;10041368739;S
20240405;101808;162.49;10;10041368740;S
20240405;101808;162.49;10;10041368741;S
20240405;101808;162.46;40;10041368742;S
20240405;101808;162.46;190;10041368743;S
20240405;101808;162.46;870;10041368744;S
20240405;101809;162.46;460;10041369054;S
20240405;101809;162.45;540;10041369055;S
20240405;101810;162.45;20;10041369262;S
20240405;101810;162.45;600;10041369318;S
20240405;101811;162.45;400;10041369460;S
20240405;101812;162.45;600;10041369665;S
20240405;101816;162.45;400;10041370359;S
20240405;101818;162.47;30;10041370748;B
20240405;101820;162.47;30;10041371034;B
20240405;101830;162.45;10;10041372618;S
20240405;101830;162.47;200;10041372620;B
20240405;101834;162.45;450;10041373099;S
20240405;101840;162.45;80;10041374062;S
20240405;101843;162.48;1110;10041374693;B
20240405;101843;162.49;10;10041374694;B
20240405;101843;162.49;710;10041374695;B
20240405;101843;162.5;420;10041374696;B
20240405;101843;162.5;1540;10041374697;B
20240405;101843;162.5;300;10041374698;B
20240405;101843;162.51;910;10041374699;B
20240405;101843;162.5;10;10041374873;B
20240405;101847;162.49;40;10041375755;B
20240405;101850;162.46;20;10041376333;S
20240405;101852;162.46;10;10041376677;S
20240405;101853;162.46;30;10041376898;S
20240405;101856;162.48;20;10041377255;B
20240405;101858;162.45;50;10041377495;S
20240405;101900;162.45;2250;10041377715;S
20240405;101901;162.47;280;10041377868;S
20240405;101901;162.47;720;10041377896;S
20240405;101901;162.47;800;10041377897;S
20240405;101901;162.46;590;10041377898;S
20240405;101901;162.45;20;10041377899;S
20240405;101904;162.45;800;10041378264;S
20240405;101905;162.45;1000;10041378368;S
20240405;101905;162.46;10;10041378387;B
20240405;101906;162.45;1000;10041378575;S
20240405;101907;162.45;1000;10041378699;S
20240405;101908;162.45;600;10041379008;S
20240405;101912;162.46;10;10041379840;B
20240405;101914;162.46;280;10041380264;B
20240405;101914;162.46;500;10041380265;B
20240405;101914;162.45;180;10041380479;S
20240405;101914;162.45;10;10041380480;S
20240405;101914;162.45;610;10041380481;S
20240405;101915;162.45;70;10041380712;S
20240405;101915;162.45;90;10041380713;S
20240405;101915;162.44;10;10041380714;S
20240405;101915;162.44;630;10041380715;S
20240405;101916;162.44;600;10041381036;S
20240405;101918;162.44;800;10041381541;S
20240405;101919;162.43;10;10041381715;S
20240405;101919;162.42;10;10041381716;S
20240405;101919;162.42;570;10041381717;S
20240405;101919;162.41;60;10041381718;S
20240405;101919;162.41;10;10041381719;S
20240405;101919;162.41;140;10041381720;S
20240405;101920;162.42;10;10041381954;B
20240405;101920;162.41;520;10041382017;S
20240405;101920;162.41;80;10041382018;S
20240405;101923;162.4;10;10041382497;S
20240405;101923;162.4;40;10041382498;S
20240405;101926;162.41;60;10041382878;S
20240405;101926;162.4;150;10041382993;S
20240405;101928;162.4;400;10041383271;S
20240405;101930;162.42;50;10041383467;B
20240405;101932;162.42;100;10041383859;B
20240405;101932;162.4;30;10041383875;S
20240405;101933;162.4;10;10041383973;S
20240405;101934;162.42;290;10041384182;B
20240405;101939;162.46;10;10041385007;B
20240405;101939;162.46;40;10041385008;B
20240405;101944;162.46;60;10041385469;B
20240405;101948;162.46;30;10041386122;B
20240405;101948;162.45;10;10041386128;S
20240405;101959;162.44;350;10041388103;S
20240405;101959;162.44;350;10041388104;S
20240405;101959;162.43;600;10041388105;S
20240405;101959;162.42;1540;10041388106;S
20240405;101959;162.42;10;10041388107;S
20240405;101959;162.42;330;10041388108;S
20240405;101959;162.41;5000;10041388109;S
