<DATE>;<TIME>;<LAST>;<VOL>;<ID>;<OPER>
20240430;095955;164.35;10;10239317962;S
20240430;095955;164.35;20;10239317963;S
20240430;095955;164.35;10;10239317964;S
20240430;095955;164.35;10;10239317965;S
20240430;095955;164.35;10;10239317966;S
20240430;095955;164.35;110;10239317967;S
20240430;095955;164.35;10;10239317968;B
20240430;095955;164.35;10;10239317969;B
20240430;095955;164.35;10;10239317970;B
20240430;095955;164.35;30;10239317971;B
20240430;095955;164.35;10;10239317972;B
20240430;095955;164.35;10;10239317973;B
20240430;095955;164.35;90;10239317974;S
20240430;095955;164.35;30;10239317975;S
20240430;095955;164.35;10;10239317976;S
20240430;095955;164.35;320;10239317977;B
20240430;095955;164.35;10;10239317978;B
20240430;095955;164.35;50;10239317979;B
20240430;095955;164.35;50;10239317980;B
20240430;095955;164.35;30;10239317981;B
20240430;095955;164.35;10;10239317982;B
20240430;095955;164.35;30;10239317983;B
20240430;095955;164.35;10;10239317984;B
20240430;095955;164.35;10;10239317985;B
20240430;095955;164.35;20;10239317986;B
20240430;095955;164.35;40;10239317987;B
20240430;095955;164.35;20;10239317988;B
20240430;095955;164.35;20;10239317989;B
20240430;095955;164.35;270;10239317990;B
20240430;095955;164.35;10;10239317991;B
20240430;095955;164.35;100;10239317992;B
20240430;095955;164.35;10;10239317993;B
20240430;095955;164.35;170;10239317994;B
20240430;095955;164.35;110;10239317995;B
20240430;095955;164.35;10;10239317996;B
20240430;095955;164.35;10;10239317997;B
20240430;095955;164.35;10;10239317998;B
20240430;095955;164.35;20;10239317999;B
20240430;095955;164.35;70;10239318000;B
20240430;095955;164.35;2300;10239318001;B
20240430;095955;164.35;10;10239318002;S
20240430;095955;164.35;100;10239318003;B
20240430;095955;164.35;10;10239318004;B
20240430;095955;164.35;130;10239318005;B
20240430;095955;164.35;10;10239318006;B
20240430;095955;164.35;10;10239318007;B
20240430;095955;164.35;30;10239318008;B
20240430;095955;164.35;360;10239318009;B
20240430;095955;164.35;5000;10239318010;B
20240430;095955;164.35;220;10239318011;B
20240430;095955;164.35;10;10239318012;B
20240430;095955;164.35;90;10239318013;B
20240430;095955;164.35;10;10239318014;B
20240430;095955;164.35;50;10239318015;B
20240430;095955;164.35;200;10239318016;B
20240430;095955;164.35;5000;10239318017;B
20240430;095955;164.35;130;10239318018;B
20240430;095955;164.35;10;10239318019;B
20240430;095955;164.35;50;10239318020;S
20240430;095955;164.35;2780;10239318021;B
20240430;095955;164.35;100;10239318022;B
20240430;095955;164.35;10;10239318023;B
20240430;095955;164.35;10;10239318024;B
20240430;095955;164.35;200;10239318025;B
20240430;095955;164.35;200;10239318026;B
20240430;095955;164.35;70;10239318027;B
20240430;095955;164.35;3800;10239318028;B
20240430;095955;164.35;10;10239318029;B
20240430;095955;164.35;40;10239318030;B
20240430;100000;164.35;300;10239318675;B
20240430;100000;164.35;100;10239318717;B
20240430;100000;164.35;300;10239318752;B
20240430;100000;164.35;200;10239318784;B
20240430;100000;164.35;200;10239318799;B
20240430;100000;164.35;200;10239318823;B
20240430;100000;164.34;200;10239319360;S
20240430;100001;164.35;10;10239319917;B
20240430;100002;164.35;200;10239320157;B
20240430;100002;164.35;1400;10239320585;B
20240430;100003;164.35;300;10239320906;B
20240430;100003;164.35;1100;10239320907;B
20240430;100004;164.35;900;10239321872;B
20240430;100005;164.34;10;10239322225;S
20240430;100005;164.35;100;10239322228;B
20240430;100005;164.35;100;10239322229;B
20240430;100005;164.35;200;10239322231;B
20240430;100005;164.35;10;10239322342;B
20240430;100005;164.35;10;10239322397;B
20240430;100005;164.34;100;10239322398;S
20240430;100005;164.34;60;10239322513;S
20240430;100005;164.34;90;10239322836;S
20240430;100005;164.35;200;10239322891;B
20240430;100005;164.34;20;10239323057;S
20240430;100005;164.34;10;10239323060;S
20240430;100005;164.35;10;10239323062;B
20240430;100005;164.35;10;10239323064;B
20240430;100006;164.35;20;10239323271;B
20240430;100006;164.35;10;10239323272;B
20240430;100006;164.35;10;10239323273;B
20240430;100006;164.34;10;10239323274;S
20240430;100006;164.35;500;10239323277;B
20240430;100006;164.35;10;10239323383;B
20240430;100006;164.35;700;10239323892;B
20240430;100006;164.34;30;10239324157;S
20240430;100006;164.35;10;10239324162;B
20240430;100006;164.35;10;10239324165;B
20240430;100006;164.35;10;10239324303;B
20240430;100006;164.34;10;10239324575;S
20240430;100006;164.35;10;10239324576;B
20240430;100006;164.34;40;10239324614;S
20240430;100006;164.35;3000;10239324616;B
20240430;100007;164.34;2000;10239325029;S
20240430;100007;164.35;10;10239325041;B
20240430;100007;164.35;10;10239325042;B
20240430;100007;164.35;10;10239325043;B
20240430;100007;164.34;10;10239325245;S
20240430;100007;164.35;40;10239325373;B
20240430;100007;164.34;10;10239325379;S
20240430;100007;164.35;10;10239325448;B
20240430;100007;164.35;10;10239325453;B
20240430;100007;164.35;20;10239325510;B
20240430;100007;164.35;10;10239325514;B
20240430;100007;164.35;10;10239325519;B
20240430;100007;164.35;10;10239325830;B
20240430;100007;164.35;10;10239325836;B
20240430;100007;164.34;10;10239325839;S
20240430;100008;164.35;10;10239326341;B
20240430;100008;164.34;30;10239326342;S
20240430;100008;164.34;10;10239326417;S
20240430;100008;164.35;10;10239326418;B
20240430;100008;164.35;10;10239326419;B
20240430;100010;164.35;10;10239326704;B
20240430;100010;164.34;80;10239326765;S
20240430;100010;164.34;10;10239326838;S
20240430;100011;164.35;1500;10239327139;B
20240430;100011;164.34;190;10239327175;S
20240430;100011;164.35;10;10239327279;B
20240430;100013;164.35;10;10239327773;B
20240430;100014;164.34;10;10239327913;S
20240430;100015;164.34;2500;10239328173;S
20240430;100016;164.35;10;10239328259;B
20240430;100016;164.35;600;10239328448;B
20240430;100018;164.35;200;10239328719;B
20240430;100018;164.35;10000;10239328829;B
20240430;100019;164.34;20;10239329036;S
20240430;100021;164.34;10;10239329709;S
20240430;100021;164.35;100;10239329772;B
20240430;100022;164.34;10;10239329933;S
20240430;100022;164.35;1550;10239329948;B
20240430;100022;164.35;100;10239329949;B
20240430;100022;164.35;10;10239329950;B
20240430;100022;164.35;10;10239329951;B
20240430;100022;164.35;10;10239329952;B
20240430;100022;164.35;200;10239329953;B
20240430;100022;164.35;2790;10239329954;B
20240430;100022;164.36;1940;10239329955;B
20240430;100022;164.38;100;10239329956;B
20240430;100022;164.39;10;10239329957;B
20240430;100022;164.4;10;10239330025;B
20240430;100022;164.4;100;10239330026;B
20240430;100022;164.46;100;10239330027;B
20240430;100022;164.47;10;10239330028;B
20240430;100022;164.47;540;10239330029;B
20240430;100022;164.47;10;10239330075;B
20240430;100022;164.42;170;10239330082;S
20240430;100023;164.48;230;10239330233;B
20240430;100023;164.48;100;10239330234;B
20240430;100023;164.48;170;10239330235;B
20240430;100023;164.48;10;10239330360;B
20240430;100023;164.46;200;10239330385;S
20240430;100025;164.46;70;10239330826;S
20240430;100027;164.46;700;10239331253;S
20240430;100029;164.47;930;10239331813;B
20240430;100029;164.48;70;10239331814;B
20240430;100032;164.47;100;10239332761;S
20240430;100032;164.47;1910;10239332762;S
20240430;100032;164.47;20;10239332763;S
20240430;100032;164.47;200;10239332764;S
20240430;100032;164.47;70;10239332765;S
20240430;100034;164.43;500;10239333275;B
20240430;100035;164.43;380;10239333436;B
20240430;100035;164.43;300;10239333437;B
20240430;100035;164.43;3320;10239333438;B
20240430;100036;164.42;100;10239333566;S
20240430;100036;164.43;200;10239333745;B
20240430;100036;164.42;30;10239333781;S
20240430;100039;164.43;300;10239334358;B
20240430;100039;164.42;10;10239334372;S
20240430;100039;164.42;80;10239334393;S
20240430;100039;164.42;1910;10239334394;S
20240430;100039;164.42;300;10239334395;S
20240430;100039;164.41;220;10239334396;S
20240430;100039;164.41;600;10239334397;S
20240430;100039;164.4;40;10239334398;S
20240430;100039;164.4;100;10239334404;S
20240430;100039;164.4;10;10239334412;S
20240430;100040;164.4;70;10239334469;S
20240430;100040;164.4;30;10239334470;S
20240430;100041;164.41;20;10239334677;B
20240430;100042;164.4;10;10239334953;S
20240430;100043;164.41;10;10239335262;B
20240430;100043;164.4;10;10239335281;S
20240430;100048;164.4;100;10239336158;S
20240430;100048;164.41;350;10239336203;B
20240430;100048;164.46;10;10239336204;B
20240430;100048;164.46;100;10239336205;B
20240430;100050;164.4;70;10239336563;S
20240430;100050;164.46;200;10239336615;B
20240430;100051;164.42;40;10239336888;S
20240430;100051;164.42;10;10239336985;S
20240430;100053;164.42;10;10239337602;S
20240430;100056;164.46;300;10239338314;B
20240430;100057;164.46;20;10239338465;B
20240430;100057;164.42;30;10239338527;S
20240430;100058;164.42;60;10239338683;S
20240430;100058;164.46;300;10239338740;B
20240430;100059;164.46;100;10239338893;B
20240430;100100;164.46;100;10239339034;B
20240430;100100;164.42;150;10239339047;S
20240430;100100;164.42;220;10239339048;S
20240430;100100;164.42;430;10239339049;S
20240430;100100;164.46;100;10239339162;B
20240430;100101;164.46;20;10239339215;B
20240430;100101;164.46;100;10239339273;B
20240430;100101;164.46;100;10239339300;B
20240430;100101;164.46;20;10239339329;B
20240430;100102;164.46;100;10239339383;B
20240430;100102;164.46;100;10239339477;B
20240430;100102;164.46;100;10239339546;B
20240430;100102;164.46;100;10239339551;B
20240430;100103;164.46;100;10239339636;B
20240430;100103;164.46;100;10239339685;B
20240430;100107;164.46;440;10239340222;B
20240430;100107;164.47;560;10239340223;B
20240430;100108;164.46;10;10239340378;S
20240430;100108;164.44;190;10239340379;S
20240430;100109;164.43;10;10239340556;S
20240430;100109;164.43;210;10239340569;S
20240430;100109;164.43;300;10239340570;S
20240430;100109;164.42;1050;10239340571;S
20240430;100111;164.44;30;10239341040;S
20240430;100111;164.43;220;10239341041;S
20240430;100111;164.42;430;10239341042;S
20240430;100111;164.42;2000;10239341043;S
20240430;100111;164.42;220;10239341044;S
20240430;100111;164.42;90;10239341045;S
20240430;100111;164.42;410;10239341046;S
20240430;100112;164.46;10;10239341111;B
20240430;100119;164.43;10;10239342359;B
20240430;100123;164.43;290;10239343217;B
20240430;100123;164.43;10;10239343218;B
20240430;100123;164.43;920;10239343219;B
20240430;100125;164.44;100;10239343528;B
20240430;100125;164.45;100;10239343530;B
20240430;100125;164.45;480;10239343531;B
20240430;100126;164.44;110;10239343712;S
20240430;100127;164.44;20;10239343791;S
20240430;100132;164.44;20;10239344656;B
20240430;100132;164.44;10;10239344672;B
20240430;100138;164.44;180;10239345624;B
20240430;100142;164.43;10;10239346081;S
20240430;100142;164.43;20;10239346082;S
20240430;100142;164.43;2000;10239346091;S
20240430;100142;164.43;10;10239346092;S
20240430;100147;164.43;100;10239346958;B
20240430;100150;164.43;230;10239347342;B
20240430;100150;164.42;10;10239347366;S
20240430;100155;164.42;100;10239348231;S
20240430;100155;164.42;100;10239348254;S
20240430;100155;164.42;100;10239348273;S
20240430;100155;164.42;100;10239348296;S
20240430;100200;164.42;60;10239349084;S
20240430;100201;164.42;30;10239349202;S
20240430;100202;164.42;10;10239349340;S
20240430;100202;164.43;20;10239349389;B
20240430;100203;164.43;20;10239349432;B
20240430;100204;164.43;10;10239349610;B
20240430;100206;164.43;200;10239350031;B
20240430;100208;164.43;20;10239350157;B
20240430;100208;164.42;1960;10239350246;S
20240430;100208;164.42;1000;10239350247;S
20240430;100208;164.42;2000;10239350248;S
20240430;100208;164.42;40;10239350249;S
20240430;100209;164.43;500;10239350352;B
20240430;100209;164.43;800;10239350353;B
20240430;100209;164.43;300;10239350354;B
20240430;100209;164.43;100;10239350355;B
20240430;100212;164.42;70;10239350687;S
20240430;100212;164.42;10;10239350688;S
20240430;100212;164.41;100;10239350689;S
20240430;100212;164.41;20;10239350690;S
20240430;100212;164.41;10;10239350691;S
20240430;100212;164.4;40;10239350761;S
20240430;100212;164.4;220;10239350762;S
20240430;100213;164.39;20;10239350841;S
20240430;100213;164.39;20;10239350854;S
20240430;100214;164.39;150;10239350919;S
20240430;100214;164.39;390;10239350960;S
20240430;100214;164.39;390;10239351002;S
20240430;100216;164.4;300;10239351209;B
20240430;100216;164.4;690;10239351210;B
20240430;100216;164.4;820;10239351211;B
20240430;100216;164.4;1190;10239351212;B
20240430;100216;164.39;600;10239351233;S
20240430;100216;164.39;1000;10239351288;S
20240430;100216;164.4;210;10239351389;B
20240430;100216;164.4;270;10239351390;B
20240430;100217;164.39;560;10239351446;S
20240430;100220;164.4;30;10239351987;B
20240430;100220;164.4;470;10239351988;B
20240430;100220;164.4;210;10239351989;B
20240430;100221;164.41;40;10239352163;B
20240430;100224;164.4;50;10239352475;S
20240430;100225;164.4;100;10239352619;S
20240430;100226;164.41;500;10239352699;B
20240430;100229;164.41;10;10239353021;B
20240430;100230;164.4;440;10239353120;S
20240430;100230;164.4;60;10239353121;S
20240430;100231;164.4;40;10239353238;S
20240430;100231;164.4;100;10239353239;S
20240430;100231;164.4;10;10239353240;S
20240430;100233;164.39;10;10239353462;S
20240430;100239;164.39;140;10239354091;S
20240430;100239;164.39;220;10239354092;S
20240430;100239;164.39;70;10239354093;S
20240430;100243;164.38;250;10239354746;B
20240430;100244;164.37;10;10239354930;S
20240430;100245;164.37;10;10239355058;S
20240430;100246;164.37;200;10239355167;S
20240430;100247;164.36;20;10239355345;S
20240430;100251;164.37;100;10239355822;B
20240430;100253;164.37;190;10239356149;B
20240430;100253;164.37;60;10239356150;B
20240430;100303;164.36;40;10239357708;S
20240430;100305;164.36;30;10239358103;S
20240430;100312;164.36;130;10239359196;S
20240430;100312;164.36;590;10239359197;S
20240430;100312;164.36;1160;10239359198;S
20240430;100316;164.35;10;10239359983;S
20240430;100316;164.35;210;10239360221;S
20240430;100316;164.35;10;10239360222;S
20240430;100322;164.34;40;10239361176;S
20240430;100324;164.34;180;10239361545;S
20240430;100324;164.34;10;10239361546;S
20240430;100324;164.35;200;10239361621;B
20240430;100325;164.34;10;10239361717;S
20240430;100326;164.34;1000;10239361776;S
20240430;100326;164.35;480;10239361831;B
20240430;100330;164.35;100;10239362521;B
20240430;100330;164.35;1100;10239362522;B
20240430;100330;164.35;300;10239362523;B
20240430;100330;164.35;230;10239362524;B
20240430;100330;164.35;10;10239362525;B
20240430;100330;164.36;10;10239362614;B
20240430;100331;164.35;500;10239362628;S
20240430;100337;164.35;300;10239363416;S
20240430;100337;164.35;50;10239363417;S
20240430;100337;164.34;220;10239363418;S
20240430;100337;164.34;430;10239363419;S
20240430;100337;164.32;10;10239363510;S
20240430;100341;164.33;10;10239364144;B
20240430;100341;164.34;50;10239364145;B
20240430;100343;164.32;10;10239364478;S
20240430;100344;164.33;300;10239364694;B
20240430;100344;164.33;200;10239364695;B
20240430;100348;164.33;10;10239365187;S
20240430;100348;164.33;200;10239365188;S
20240430;100350;164.33;10;10239365391;S
20240430;100352;164.33;90;10239365708;S
20240430;100352;164.33;190;10239365709;S
20240430;100357;164.3;10;10239366660;S
20240430;100357;164.3;10;10239366661;S
20240430;100357;164.3;40;10239366662;S
20240430;100357;164.3;80;10239366663;S
20240430;100400;164.3;120;10239366967;S
20240430;100400;164.3;100;10239366968;S
20240430;100400;164.27;200;10239367070;B
20240430;100400;164.27;510;10239367085;B
20240430;100400;164.28;1100;10239367086;B
20240430;100400;164.28;300;10239367087;B
20240430;100400;164.29;50;10239367088;B
20240430;100401;164.27;300;10239367455;B
20240430;100407;164.27;100;10239368205;S
20240430;100407;164.27;300;10239368206;S
20240430;100407;164.27;100;10239368207;S
20240430;100407;164.24;10;10239368208;S
20240430;100407;164.23;500;10239368209;S
20240430;100407;164.22;100;10239368210;S
20240430;100409;164.27;10;10239368623;B
20240430;100409;164.23;20;10239368681;S
20240430;100412;164.27;1090;10239369007;B
20240430;100414;164.27;30;10239369286;S
20240430;100415;164.28;20;10239369448;B
20240430;100418;164.27;120;10239370312;S
20240430;100418;164.27;260;10239370426;S
20240430;100418;164.27;1090;10239370427;S
20240430;100418;164.27;200;10239370428;S
20240430;100418;164.26;50;10239370429;S
20240430;100425;164.27;10;10239371475;B
20240430;100425;164.29;10;10239371535;B
20240430;100428;164.28;10;10239371977;S
20240430;100430;164.26;490;10239372234;B
20240430;100430;164.29;1520;10239372235;B
20240430;100430;164.29;460;10239372236;B
20240430;100430;164.29;50;10239372237;B
20240430;100431;164.29;100;10239372292;S
20240430;100431;164.25;20;10239372317;S
20240430;100434;164.27;10;10239372659;B
20240430;100435;164.25;10;10239372844;S
20240430;100445;164.23;30;10239374039;S
20240430;100446;164.25;10;10239374243;B
20240430;100446;164.25;490;10239374244;B
20240430;100447;164.25;110;10239374421;B
20240430;100447;164.26;10;10239374422;B
20240430;100452;164.24;100;10239375748;B
20240430;100453;164.24;1120;10239375932;B
20240430;100454;164.24;420;10239376086;B
20240430;100456;164.23;10;10239376245;S
20240430;100505;164.24;510;10239377661;B
20240430;100506;164.24;1090;10239377884;B
20240430;100509;164.24;200;10239378203;B
20240430;100512;164.24;10;10239379065;B
20240430;100514;164.23;110;10239379364;S
20240430;100515;164.24;200;10239379413;B
20240430;100515;164.24;300;10239379499;B
20240430;100515;164.24;100;10239379500;B
20240430;100515;164.24;400;10239379501;B
20240430;100524;164.22;10;10239380576;B
20240430;100524;164.22;500;10239380664;B
20240430;100526;164.22;480;10239380814;B
20240430;100536;164.22;10;10239382347;B
20240430;100537;164.21;10;10239382403;S
20240430;100537;164.22;800;10239382410;B
20240430;100537;164.22;410;10239382411;B
20240430;100537;164.22;790;10239382412;B
20240430;100551;164.21;20;10239384568;S
20240430;100552;164.21;380;10239384734;S
20240430;100552;164.21;1100;10239384735;S
20240430;100552;164.21;210;10239384736;S
20240430;100557;164.21;80;10239385517;S
20240430;100558;164.22;10;10239385635;B
20240430;100602;164.22;10;10239386159;S
20240430;100605;164.23;5000;10239386502;B
20240430;100605;164.24;50;10239386503;B
20240430;100605;164.24;60;10239386504;B
20240430;100605;164.24;80;10239386505;B
20240430;100605;164.24;110;10239386506;B
20240430;100605;164.24;80;10239386507;B
20240430;100605;164.24;10;10239386508;B
20240430;100605;164.25;10;10239386509;B
20240430;100605;164.26;290;10239386510;B
20240430;100606;164.26;1000;10239386587;S
20240430;100606;164.26;1000;10239386588;S
20240430;100606;164.26;300;10239386589;S
20240430;100606;164.26;800;10239386590;S
20240430;100606;164.26;1100;10239386591;S
20240430;100606;164.26;1900;10239386592;S
20240430;100606;164.26;100;10239386593;S
20240430;100606;164.25;400;10239386594;S
20240430;100606;164.25;2000;10239386595;S
20240430;100606;164.24;410;10239386596;S
20240430;100606;164.24;1000;10239386597;S
20240430;100606;164.24;2000;10239386598;S
20240430;100606;164.23;1000;10239386599;S
20240430;100606;164.22;20;10239386600;S
20240430;100606;164.22;30;10239386601;S
20240430;100606;164.22;10;10239386602;S
20240430;100606;164.22;690;10239386603;S
20240430;100606;164.22;1000;10239386604;S
20240430;100606;164.22;220;10239386605;S
20240430;100606;164.21;110;10239386606;S
20240430;100606;164.21;10;10239386607;S
20240430;100606;164.21;1000;10239386608;S
20240430;100606;164.21;220;10239386609;S
20240430;100606;164.21;610;10239386610;S
20240430;100606;164.21;1530;10239386611;S
20240430;100606;164.2;20;10239386612;S
20240430;100606;164.2;3000;10239386613;S
20240430;100606;164.2;10;10239386614;S
20240430;100606;164.2;10;10239386615;S
20240430;100606;164.2;10;10239386616;S
20240430;100606;164.2;220;10239386617;S
20240430;100606;164.2;1000;10239386618;S
20240430;100606;164.2;500;10239386619;S
20240430;100606;164.2;500;10239386620;B
20240430;100606;164.2;300;10239386621;B
20240430;100606;164.2;400;10239386622;B
20240430;100606;164.2;500;10239386623;B
20240430;100606;164.2;200;10239386624;B
20240430;100606;164.2;600;10239386625;B
20240430;100606;164.2;200;10239386626;B
20240430;100606;164.2;70;10239386627;B
20240430;100606;164.2;30;10239386628;B
20240430;100606;164.2;400;10239386629;B
20240430;100613;164.19;200;10239387628;B
20240430;100614;164.19;10;10239387789;B
20240430;100615;164.19;100;10239387916;B
20240430;100615;164.19;100;10239387936;B
20240430;100615;164.19;100;10239387941;B
20240430;100616;164.19;490;10239388014;B
20240430;100616;164.19;1000;10239388015;B
20240430;100616;164.19;410;10239388016;B
20240430;100624;164.18;70;10239388943;S
20240430;100629;164.18;80;10239389551;S
20240430;100629;164.18;130;10239389627;B
20240430;100629;164.18;390;10239389628;B
20240430;100629;164.19;390;10239389629;B
20240430;100629;164.19;590;10239389630;B
20240430;100629;164.19;300;10239389631;B
20240430;100629;164.19;110;10239389632;B
20240430;100629;164.2;370;10239389633;B
20240430;100629;164.2;20;10239389634;B
20240430;100629;164.19;300;10239389635;B
20240430;100634;164.19;10;10239390206;S
20240430;100635;164.19;20;10239390288;S
20240430;100635;164.19;270;10239390309;S
20240430;100635;164.19;1100;10239390310;S
20240430;100635;164.19;1000;10239390311;S
20240430;100635;164.18;2000;10239390312;S
20240430;100635;164.18;380;10239390313;S
20240430;100635;164.18;220;10239390314;S
20240430;100635;164.18;100;10239390315;S
20240430;100635;164.17;220;10239390316;S
20240430;100635;164.16;220;10239390317;S
20240430;100635;164.16;200;10239390318;S
20240430;100635;164.15;10;10239390319;S
20240430;100635;164.15;220;10239390320;S
20240430;100635;164.15;220;10239390321;S
20240430;100635;164.15;1000;10239390322;S
20240430;100635;164.14;220;10239390323;S
20240430;100635;164.14;1000;10239390324;S
20240430;100635;164.14;610;10239390325;S
20240430;100635;164.13;220;10239390326;S
20240430;100635;164.13;1000;10239390327;S
20240430;100635;164.13;1830;10239390328;S
20240430;100635;164.12;100;10239390329;S
20240430;100635;164.12;220;10239390330;S
20240430;100635;164.12;340;10239390331;S
20240430;100636;164.18;600;10239390485;S
20240430;100638;164.17;40;10239390716;S
20240430;100639;164.19;100;10239390813;B
20240430;100650;164.19;100;10239392039;B
20240430;100651;164.19;600;10239392230;B
20240430;100651;164.19;30;10239392231;B
20240430;100652;164.18;10;10239392258;S
20240430;100652;164.18;30;10239392259;S
20240430;100652;164.17;70;10239392260;S
20240430;100700;164.19;10;10239393501;B
20240430;100701;164.18;360;10239393732;B
20240430;100703;164.19;500;10239393953;B
20240430;100703;164.19;500;10239393954;B
20240430;100704;164.17;10;10239394058;S
20240430;100705;164.19;300;10239394094;B
20240430;100705;164.19;200;10239394095;B
20240430;100705;164.19;300;10239394130;B
20240430;100705;164.19;100;10239394131;B
20240430;100707;164.19;60;10239394430;B
20240430;100707;164.19;320;10239394431;B
20240430;100707;164.2;1240;10239394432;B
20240430;100707;164.2;800;10239394433;B
20240430;100708;164.2;300;10239394501;B
20240430;100715;164.2;20;10239395442;B
20240430;100716;164.2;550;10239395533;S
20240430;100716;164.2;300;10239395534;S
20240430;100716;164.19;370;10239395535;S
20240430;100716;164.19;2000;10239395536;S
20240430;100716;164.19;1000;10239395537;S
20240430;100716;164.19;200;10239395538;S
20240430;100716;164.19;800;10239395539;S
20240430;100716;164.19;10;10239395540;S
20240430;100717;164.19;20;10239395604;B
20240430;100719;164.19;300;10239395839;B
20240430;100719;164.2;300;10239395892;S
20240430;100719;164.19;340;10239395893;S
20240430;100719;164.18;2000;10239395894;S
20240430;100719;164.18;1000;10239395895;S
20240430;100721;164.17;100;10239396234;S
20240430;100721;164.17;300;10239396235;S
20240430;100721;164.17;1000;10239396236;S
20240430;100721;164.17;150;10239396237;S
20240430;100721;164.17;300;10239396238;S
20240430;100723;164.17;800;10239396482;B
20240430;100723;164.17;200;10239396483;B
20240430;100723;164.17;300;10239396484;B
20240430;100723;164.17;800;10239396486;B
20240430;100723;164.17;800;10239396487;B
20240430;100724;164.19;1000;10239396607;S
20240430;100724;164.19;360;10239396608;S
20240430;100724;164.18;1000;10239396609;S
20240430;100724;164.17;300;10239396610;S
20240430;100724;164.16;2000;10239396611;S
20240430;100724;164.16;1000;10239396612;S
20240430;100724;164.16;220;10239396613;S
20240430;100724;164.15;220;10239396614;S
20240430;100724;164.15;2000;10239396615;S
20240430;100724;164.15;100;10239396617;B
20240430;100726;164.14;220;10239396712;S
20240430;100726;164.14;570;10239396713;S
20240430;100726;164.17;50;10239396728;B
20240430;100727;164.17;190;10239396890;B
20240430;100728;164.17;800;10239396964;B
20240430;100728;164.18;350;10239396965;B
20240430;100728;164.2;40;10239396966;B
20240430;100728;164.2;800;10239396967;B
20240430;100728;164.21;10;10239396968;B
20240430;100728;164.21;190;10239396969;B
20240430;100728;164.22;20;10239396970;B
20240430;100728;164.28;10;10239396971;B
20240430;100728;164.28;790;10239396972;B
20240430;100728;164.27;780;10239396973;S
20240430;100728;164.26;350;10239396974;S
20240430;100728;164.25;300;10239396975;S
20240430;100733;164.27;10;10239397661;B
20240430;100734;164.22;140;10239397667;S
20240430;100734;164.27;10;10239397706;B
20240430;100735;164.21;10;10239397847;S
20240430;100737;164.25;10;10239398078;B
20240430;100740;164.25;10;10239398479;B
20240430;100741;164.22;20;10239398598;S
20240430;100743;164.23;1100;10239398826;B
20240430;100743;164.23;300;10239398827;B
20240430;100743;164.23;250;10239398828;B
20240430;100743;164.23;850;10239398829;B
20240430;100743;164.22;50;10239398921;S
20240430;100744;164.23;150;10239398969;B
20240430;100744;164.26;450;10239398970;B
20240430;100745;164.25;1000;10239399033;B
20240430;100745;164.25;330;10239399034;B
20240430;100747;164.24;1000;10239399446;B
20240430;100751;164.24;340;10239399812;B
20240430;100751;164.25;890;10239399813;B
20240430;100756;164.23;200;10239400451;S
20240430;100801;164.25;100;10239401160;B
20240430;100801;164.22;30;10239401180;S
20240430;100801;164.22;240;10239401181;S
20240430;100801;164.21;1100;10239401182;S
20240430;100801;164.21;300;10239401183;S
20240430;100801;164.2;2330;10239401184;S
20240430;100801;164.25;100;10239401219;B
20240430;100801;164.25;150;10239401220;B
20240430;100801;164.25;330;10239401221;B
20240430;100801;164.25;20;10239401222;B
20240430;100802;164.25;500;10239401230;B
20240430;100806;164.25;10;10239401916;B
20240430;100812;164.24;100;10239402827;B
20240430;100813;164.23;20;10239403001;S
20240430;100814;164.25;10;10239403044;B
20240430;100814;164.25;10;10239403045;B
20240430;100815;164.26;10;10239403271;B
20240430;100817;164.25;30;10239403474;S
20240430;100821;164.25;50;10239403882;S
20240430;100821;164.25;300;10239403883;S
20240430;100821;164.25;120;10239403884;S
20240430;100826;164.26;10;10239404494;B
20240430;100831;164.26;20;10239405343;B
20240430;100836;164.26;20;10239406076;B
20240430;100836;164.26;500;10239406105;B
20240430;100836;164.25;300;10239406107;S
20240430;100837;164.26;20;10239406278;B
20240430;100840;164.26;10;10239406550;B
20240430;100840;164.26;410;10239406551;B
20240430;100840;164.26;10;10239406552;B
20240430;100840;164.26;20;10239406553;B
20240430;100840;164.26;10;10239406554;B
20240430;100840;164.26;10;10239406555;B
20240430;100840;164.26;10;10239406556;B
20240430;100840;164.26;10;10239406557;B
20240430;100840;164.26;10;10239406558;B
20240430;100843;164.27;300;10239406903;S
20240430;100843;164.27;320;10239406904;S
20240430;100843;164.27;1000;10239406905;S
20240430;100843;164.27;800;10239406906;S
20240430;100843;164.26;1000;10239406907;S
20240430;100843;164.26;30;10239406962;B
20240430;100844;164.25;50;10239407023;S
20240430;100847;164.26;500;10239407354;B
20240430;100847;164.26;300;10239407355;B
20240430;100851;164.25;300;10239407810;S
20240430;100853;164.25;70;10239408072;S
20240430;100855;164.25;180;10239408338;S
20240430;100901;164.25;980;10239408980;S
20240430;100901;164.25;1000;10239408981;S
20240430;100901;164.25;100;10239408982;S
20240430;100901;164.25;10;10239408983;S
20240430;100901;164.25;500;10239408984;S
20240430;100901;164.25;200;10239408985;S
20240430;100901;164.24;20;10239408986;S
20240430;100901;164.24;320;10239408987;S
20240430;100901;164.24;300;10239408988;S
20240430;100901;164.23;50;10239408989;S
20240430;100901;164.23;320;10239408990;S
20240430;100902;164.25;100;10239409041;B
20240430;100903;164.25;690;10239409127;B
20240430;100903;164.25;10;10239409129;B
20240430;100903;164.25;10;10239409130;B
20240430;100903;164.26;80;10239409131;B
20240430;100903;164.26;500;10239409140;B
20240430;100903;164.26;100;10239409145;B
20240430;100903;164.26;300;10239409146;B
20240430;100903;164.26;100;10239409148;B
20240430;100904;164.26;470;10239409327;B
20240430;100907;164.26;120;10239409745;S
20240430;100907;164.26;10;10239409759;S
20240430;100907;164.26;140;10239409760;S
20240430;100909;164.27;50;10239410058;B
20240430;100910;164.28;50;10239410125;B
20240430;100924;164.28;500;10239411552;B
20240430;100925;164.28;10;10239411691;B
20240430;100925;164.28;490;10239411731;B
20240430;100926;164.28;280;10239411747;B
20240430;100939;164.29;10;10239413328;B
20240430;100943;164.29;400;10239413749;B
20240430;100944;164.28;200;10239413949;S
20240430;100944;164.28;50;10239413950;S
20240430;100944;164.27;10;10239413951;S
20240430;100944;164.26;10;10239413952;S
20240430;100944;164.26;310;10239413953;S
20240430;100944;164.26;20;10239413954;S
20240430;100945;164.29;60;10239414064;B
20240430;100952;164.29;380;10239414762;B
20240430;100952;164.29;310;10239414763;B
20240430;100952;164.3;80;10239414764;B
20240430;100955;164.31;10;10239415067;B
20240430;101001;164.31;10;10239415961;B
20240430;101001;164.32;10;10239415962;B
20240430;101001;164.32;110;10239416053;B
20240430;101002;164.32;300;10239416160;B
20240430;101002;164.33;20;10239416171;B
20240430;101010;164.32;60;10239417079;S
20240430;101010;164.32;50;10239417106;S
20240430;101010;164.31;300;10239417177;B
20240430;101010;164.32;300;10239417178;B
20240430;101010;164.32;10;10239417179;B
20240430;101010;164.33;390;10239417180;B
20240430;101021;164.3;10;10239418262;B
20240430;101023;164.3;290;10239418435;B
20240430;101023;164.3;300;10239418436;B
20240430;101023;164.3;1000;10239418437;B
20240430;101023;164.3;800;10239418438;B
20240430;101023;164.31;1000;10239418439;B
20240430;101023;164.32;10;10239418440;B
20240430;101023;164.33;50;10239418441;B
20240430;101023;164.34;350;10239418442;B
20240430;101024;164.29;10;10239418518;S
20240430;101037;164.3;300;10239419825;B
20240430;101037;164.3;130;10239419826;B
20240430;101038;164.3;200;10239419927;B
20240430;101044;164.3;10;10239420590;B
20240430;101045;164.3;190;10239420712;B
20240430;101049;164.3;270;10239421004;B
20240430;101049;164.3;1000;10239421005;B
20240430;101049;164.3;290;10239421006;B
20240430;101049;164.3;300;10239421007;B
20240430;101050;164.31;10;10239421057;B
20240430;101051;164.31;10;10239421240;B
20240430;101055;164.31;50;10239421673;B
20240430;101058;164.31;30;10239422105;B
20240430;101101;164.3;140;10239422308;S
20240430;101102;164.3;1000;10239422501;B
20240430;101102;164.3;470;10239422503;B
20240430;101103;164.29;20;10239422588;S
20240430;101104;164.29;60;10239422652;S
20240430;101104;164.29;10;10239422653;S
20240430;101104;164.26;30;10239422654;S
20240430;101104;164.25;30;10239422655;S
20240430;101104;164.25;290;10239422656;S
20240430;101104;164.24;1910;10239422657;S
20240430;101104;164.24;610;10239422658;S
20240430;101104;164.21;1060;10239422659;S
20240430;101104;164.23;300;10239422691;B
20240430;101104;164.24;290;10239422692;B
20240430;101104;164.24;210;10239422693;B
20240430;101106;164.24;10;10239422988;B
20240430;101112;164.25;10;10239423685;S
20240430;101114;164.25;90;10239423849;S
20240430;101114;164.23;200;10239423850;S
20240430;101114;164.22;210;10239423851;S
20240430;101114;164.25;10;10239423855;B
20240430;101117;164.26;10;10239424315;B
20240430;101123;164.26;1000;10239424805;B
20240430;101123;164.26;800;10239424806;B
20240430;101123;164.27;280;10239424807;B
20240430;101123;164.27;1000;10239424808;B
20240430;101123;164.27;300;10239424809;B
20240430;101123;164.29;830;10239424810;B
20240430;101123;164.3;910;10239424811;B
20240430;101123;164.3;4880;10239424812;B
20240430;101126;164.3;10;10239425224;B
20240430;101126;164.26;200;10239425252;S
20240430;101130;164.29;10;10239425631;S
20240430;101130;164.29;10;10239425633;S
20240430;101148;164.3;310;10239428264;B
20240430;101148;164.3;280;10239428265;B
20240430;101148;164.3;70;10239428266;B
20240430;101148;164.3;60;10239428267;B
20240430;101148;164.3;800;10239428268;B
20240430;101148;164.3;100;10239428293;B
20240430;101155;164.3;100;10239428999;B
20240430;101155;164.32;280;10239429000;B
20240430;101155;164.33;40;10239429001;B
20240430;101155;164.33;630;10239429002;B
20240430;101159;164.3;100;10239429398;B
20240430;101159;164.32;200;10239429399;B
20240430;101207;164.33;370;10239430484;B
20240430;101207;164.33;270;10239430485;B
20240430;101207;164.33;1000;10239430486;B
20240430;101207;164.33;300;10239430487;B
20240430;101207;164.34;100;10239430488;B
20240430;101207;164.34;1000;10239430489;B
20240430;101207;164.35;10;10239430490;B
20240430;101207;164.35;1000;10239430491;B
20240430;101207;164.35;20;10239430492;B
20240430;101207;164.35;3660;10239430493;B
20240430;101207;164.36;3110;10239430494;B
20240430;101207;164.36;20;10239430495;B
20240430;101207;164.36;1000;10239430496;B
20240430;101207;164.36;100;10239430497;B
20240430;101207;164.36;220;10239430498;B
20240430;101207;164.36;30;10239430499;B
20240430;101207;164.36;100;10239430500;S
20240430;101212;164.37;10;10239431059;B
20240430;101216;164.37;650;10239431700;B
20240430;101219;164.36;180;10239432089;S
20240430;101221;164.37;3000;10239432220;B
20240430;101223;164.37;340;10239432486;B
20240430;101223;164.37;50;10239432487;B
20240430;101223;164.37;20;10239432488;B
20240430;101224;164.37;110;10239432719;S
20240430;101227;164.38;10;10239433033;B
20240430;101233;164.38;30;10239433532;B
20240430;101233;164.38;10;10239433564;B
20240430;101233;164.38;60;10239433576;B
20240430;101236;164.38;120;10239433788;B
20240430;101238;164.38;180;10239433997;B
20240430;101238;164.38;820;10239433998;B
20240430;101240;164.38;180;10239434200;B
20240430;101240;164.38;200;10239434201;B
20240430;101240;164.38;10;10239434226;B
20240430;101241;164.37;20;10239434347;S
20240430;101242;164.38;10;10239434428;B
20240430;101247;164.38;780;10239434881;B
20240430;101247;164.38;1000;10239434882;B
20240430;101247;164.38;300;10239434883;B
20240430;101247;164.38;400;10239434884;B
20240430;101250;164.37;240;10239435088;S
20240430;101250;164.37;30;10239435089;S
20240430;101250;164.37;50;10239435090;S
20240430;101250;164.37;50;10239435091;S
20240430;101250;164.36;110;10239435092;S
20240430;101250;164.36;440;10239435093;S
20240430;101250;164.36;270;10239435094;S
20240430;101250;164.32;300;10239435095;S
20240430;101250;164.31;510;10239435096;S
20240430;101251;164.31;80;10239435177;S
20240430;101259;164.33;300;10239435919;B
20240430;101259;164.33;260;10239435920;B
20240430;101301;164.31;10;10239436228;S
20240430;101302;164.33;20;10239436291;B
20240430;101302;164.33;20;10239436315;B
20240430;101306;164.34;20;10239436673;B
20240430;101308;164.31;10;10239436970;S
20240430;101308;164.31;20;10239436971;S
20240430;101308;164.31;10;10239436981;S
20240430;101312;164.34;30;10239437230;B
20240430;101314;164.33;10;10239437351;S
20240430;101317;164.33;20;10239437597;S
20240430;101319;164.34;750;10239437812;B
20240430;101319;164.34;60;10239437813;B
20240430;101319;164.35;1000;10239437814;B
20240430;101319;164.35;1000;10239437815;B
20240430;101319;164.35;260;10239437816;B
20240430;101319;164.36;800;10239437817;B
20240430;101319;164.36;1000;10239437818;B
20240430;101319;164.36;300;10239437819;B
20240430;101319;164.37;830;10239437820;B
20240430;101326;164.37;460;10239438542;B
20240430;101327;164.37;50;10239438679;B
20240430;101329;164.36;10;10239438860;S
20240430;101344;164.37;490;10239440454;B
20240430;101344;164.37;300;10239440455;B
20240430;101344;164.38;210;10239440456;B
20240430;101344;164.36;470;10239440516;S
20240430;101345;164.35;260;10239440568;S
20240430;101345;164.33;630;10239440569;S
20240430;101345;164.32;440;10239440570;S
20240430;101345;164.31;540;10239440571;S
20240430;101345;164.31;3000;10239440572;S
20240430;101346;164.31;500;10239440697;B
20240430;101349;164.31;20;10239441063;B
20240430;101359;164.31;800;10239442091;B
20240430;101401;164.31;360;10239442254;B
20240430;101401;164.3;20;10239442277;S
20240430;101401;164.22;20;10239442278;S
20240430;101401;164.21;40;10239442279;S
20240430;101401;164.28;10;10239442283;B
20240430;101401;164.28;290;10239442303;B
20240430;101401;164.29;90;10239442304;B
20240430;101402;164.29;200;10239442437;B
20240430;101403;164.29;300;10239442449;B
20240430;101403;164.29;300;10239442498;B
20240430;101407;164.25;60;10239442913;S
20240430;101407;164.25;260;10239442914;S
20240430;101407;164.24;60;10239442915;S
20240430;101409;164.28;60;10239443256;B
20240430;101409;164.29;110;10239443257;B
20240430;101409;164.29;260;10239443258;B
20240430;101409;164.3;180;10239443259;B
20240430;101417;164.29;100;10239444470;S
20240430;101417;164.29;100;10239444471;S
20240430;101417;164.27;100;10239444472;S
20240430;101425;164.29;20;10239445098;S
20240430;101436;164.29;80;10239446320;S
20240430;101436;164.29;260;10239446321;S
20240430;101436;164.29;40;10239446322;S
20240430;101436;164.28;230;10239446323;S
20240430;101439;164.3;30;10239446670;B
20240430;101440;164.3;30;10239446773;B
20240430;101447;164.29;10;10239447512;S
20240430;101451;164.29;90;10239447877;S
20240430;101451;164.29;210;10239447878;S
20240430;101459;164.3;10;10239448581;B
20240430;101508;164.3;180;10239449604;B
20240430;101508;164.3;1820;10239449605;B
20240430;101509;164.3;100;10239449653;B
20240430;101509;164.3;390;10239449654;B
20240430;101514;164.3;10;10239450803;B
20240430;101514;164.31;10;10239450804;B
20240430;101519;164.3;10;10239451968;B
20240430;101521;164.3;10;10239452260;B
20240430;101522;164.3;20;10239452453;B
20240430;101526;164.3;60;10239453162;B
20240430;101526;164.3;420;10239453163;B
20240430;101529;164.29;260;10239453696;S
20240430;101529;164.29;10;10239453697;S
20240430;101529;164.27;740;10239453698;S
20240430;101529;164.26;1070;10239453699;S
20240430;101534;164.27;580;10239454614;B
20240430;101534;164.27;260;10239454615;B
20240430;101534;164.29;860;10239454616;B
20240430;101534;164.29;300;10239454617;B
20240430;101534;164.3;1000;10239454618;B
20240430;101534;164.3;7000;10239454619;B
20240430;101544;164.31;500;10239456223;B
20240430;101545;164.3;20;10239456329;S
20240430;101545;164.27;30;10239456330;S
20240430;101545;164.3;90;10239456339;B
20240430;101547;164.26;160;10239456602;S
20240430;101553;164.3;100;10239457168;B
20240430;101553;164.3;200;10239457169;B
20240430;101553;164.3;30;10239457185;B
20240430;101556;164.3;110;10239457568;B
20240430;101556;164.3;190;10239457569;B
20240430;101601;164.3;20;10239458239;B
20240430;101602;164.3;420;10239458315;B
20240430;101608;164.28;30;10239458938;S
20240430;101608;164.28;120;10239458939;S
20240430;101610;164.27;10;10239459168;S
20240430;101617;164.3;10;10239459962;B
20240430;101617;164.3;100;10239459982;B
20240430;101623;164.3;30;10239460745;B
20240430;101623;164.3;10;10239460810;B
20240430;101630;164.3;100;10239461508;B
20240430;101630;164.3;10;10239461635;B
20240430;101632;164.3;50;10239461827;B
20240430;101635;164.3;20;10239462474;B
20240430;101638;164.3;70;10239462730;B
20240430;101639;164.29;110;10239462853;S
20240430;101641;164.29;20;10239463114;S
20240430;101643;164.3;10;10239463399;B
20240430;101651;164.3;740;10239464447;B
20240430;101651;164.3;60;10239464448;B
20240430;101657;164.29;250;10239465182;S
20240430;101657;164.29;30;10239465183;S
20240430;101657;164.29;300;10239465184;S
20240430;101657;164.28;100;10239465185;S
20240430;101657;164.28;200;10239465186;S
20240430;101657;164.27;120;10239465187;S
20240430;101658;164.3;10;10239465297;B
20240430;101705;164.3;100;10239466082;B
20240430;101705;164.31;180;10239466083;B
20240430;101707;164.3;530;10239466362;B
20240430;101708;164.3;470;10239466463;B
20240430;101710;164.31;10;10239466779;B
20240430;101715;164.31;10;10239467175;B
20240430;101721;164.3;10;10239467609;S
20240430;101725;164.3;20;10239468100;S
20240430;101725;164.3;480;10239468101;S
20240430;101726;164.31;10;10239468146;B
20240430;101726;164.31;490;10239468155;B
20240430;101727;164.31;20;10239468225;B
20240430;101727;164.31;10;10239468246;B
20240430;101735;164.31;100;10239469242;B
20240430;101740;164.3;20;10239469650;S
20240430;101740;164.3;480;10239469651;S
20240430;101746;164.31;500;10239470149;B
20240430;101746;164.31;700;10239470150;B
20240430;101747;164.3;10;10239470282;S
20240430;101749;164.31;10;10239470673;B
20240430;101752;164.31;800;10239470866;B
20240430;101752;164.31;350;10239470867;B
20240430;101752;164.31;10;10239470868;B
20240430;101752;164.31;140;10239470869;B
20240430;101752;164.35;300;10239470870;B
20240430;101752;164.35;500;10239470871;B
20240430;101753;164.35;10;10239470975;B
20240430;101753;164.34;300;10239471003;S
20240430;101753;164.34;100;10239471004;S
20240430;101754;164.35;60;10239471059;B
20240430;101755;164.35;20;10239471173;B
20240430;101757;164.36;100;10239471410;B
20240430;101758;164.35;10;10239471430;S
20240430;101759;164.35;10;10239471590;S
20240430;101806;164.37;10;10239472366;B
20240430;101807;164.37;10;10239472472;B
20240430;101807;164.37;20;10239472473;B
20240430;101807;164.37;250;10239472474;B
20240430;101807;164.37;10;10239472475;B
20240430;101807;164.37;10;10239472476;B
20240430;101807;164.37;10;10239472477;B
20240430;101807;164.37;10;10239472478;B
20240430;101807;164.37;10;10239472479;B
20240430;101807;164.37;10;10239472480;B
20240430;101807;164.37;10;10239472481;B
20240430;101807;164.37;10;10239472482;B
20240430;101807;164.37;10;10239472483;B
20240430;101807;164.37;150;10239472500;S
20240430;101807;164.36;140;10239472501;S
20240430;101808;164.35;1000;10239472528;S
20240430;101808;164.34;260;10239472529;S
20240430;101808;164.34;300;10239472530;S
20240430;101808;164.32;1000;10239472531;S
20240430;101808;164.32;340;10239472532;S
20240430;101810;164.35;10;10239472675;S
20240430;101814;164.38;10;10239473060;B
20240430;101821;164.38;180;10239473900;B
20240430;101824;164.38;10;10239474171;B
20240430;101832;164.38;50;10239474888;B
20240430;101839;164.38;1900;10239475575;B
20240430;101845;164.35;10;10239476062;S
20240430;101845;164.35;390;10239476063;S
20240430;101855;164.38;10;10239477210;B
20240430;101901;164.35;10;10239477750;S
20240430;101901;164.38;500;10239477754;B
20240430;101902;164.38;720;10239477775;B
20240430;101905;164.38;10;10239478069;B
20240430;101909;164.36;300;10239478323;S
20240430;101909;164.36;280;10239478324;S
20240430;101909;164.35;10;10239478325;S
20240430;101911;164.38;10;10239478813;B
20240430;101914;164.36;10;10239479536;S
20240430;101915;164.36;10;10239479660;S
20240430;101916;164.38;70;10239479900;B
20240430;101917;164.38;10;10239479932;B
20240430;101922;164.37;20;10239480513;B
20240430;101925;164.37;10;10239480801;B
20240430;101926;164.37;400;10239480897;B
20240430;101926;164.37;80;10239480951;S
20240430;101926;164.36;10;10239480952;S
20240430;101926;164.36;280;10239480953;S
20240430;101928;164.36;70;10239481062;B
20240430;101930;164.36;20;10239481331;B
20240430;101936;164.36;300;10239482030;B
20240430;101940;164.36;30;10239482597;B
20240430;102005;164.35;50;10239484691;S
20240430;102007;164.36;10;10239484939;B
20240430;102010;164.36;20;10239485199;B
20240430;102013;164.36;370;10239485385;B
20240430;102014;164.36;500;10239485541;B
20240430;102016;164.35;40;10239485713;S
20240430;102016;164.35;10;10239485714;S
20240430;102016;164.35;30;10239485715;S
20240430;102016;164.35;20;10239485716;S
20240430;102017;164.36;20;10239485970;B
20240430;102028;164.36;10;10239493382;B
20240430;102036;164.35;200;10239495355;S
20240430;102036;164.35;60;10239495380;S
20240430;102039;164.35;30;10239495695;S
20240430;102055;164.36;1000;10239501966;B
20240430;102059;164.35;10;10239504074;S
20240430;102100;164.36;40;10239504161;B
20240430;102101;164.35;50;10239504232;S
20240430;102102;164.36;20;10239504390;B
20240430;102103;164.36;20;10239504717;B
20240430;102105;164.36;70;10239504840;B
20240430;102105;164.36;10;10239504897;B
20240430;102113;164.36;10;10239507342;B
20240430;102123;164.36;60;10239510715;B
20240430;102123;164.36;40;10239510716;B
20240430;102123;164.36;10;10239510717;B
20240430;102125;164.36;100;10239510853;S
20240430;102126;164.37;60;10239510978;B
20240430;102127;164.38;240;10239511137;B
20240430;102136;164.38;100;10239513307;B
20240430;102138;164.37;420;10239515324;S
20240430;102138;164.37;30;10239515325;S
20240430;102148;164.36;100;10239517782;S
20240430;102155;164.37;20;10239520100;B
20240430;102155;164.37;500;10239520108;B
20240430;102155;164.37;30;10239520109;B
20240430;102155;164.37;280;10239520110;B
20240430;102155;164.38;490;10239520111;B
20240430;102211;164.38;20;10239525634;B
20240430;102211;164.38;2440;10239525646;B
20240430;102214;164.37;100;10239526293;S
20240430;102215;164.37;10;10239527059;S
20240430;102216;164.38;60;10239527381;B
20240430;102227;164.37;210;10239529220;S
20240430;102228;164.38;330;10239529352;B
20240430;102231;164.37;20;10239530718;S
20240430;102231;164.38;10;10239530769;B
20240430;102235;164.38;10;10239532759;B
20240430;102244;164.38;10;10239535561;B
20240430;102250;164.37;40;10239537260;B
20240430;102251;164.37;1000;10239537349;B
20240430;102253;164.36;10;10239537739;S
20240430;102253;164.37;700;10239537756;B
20240430;102255;164.37;280;10239537940;B
20240430;102256;164.37;80;10239538148;S
20240430;102303;164.38;100;10239541085;B
20240430;102304;164.38;620;10239541155;B
20240430;102304;164.38;10;10239541156;B
20240430;102304;164.38;60;10239541157;B
20240430;102304;164.38;10;10239541158;B
20240430;102304;164.38;280;10239541159;B
20240430;102310;164.38;720;10239543003;B
20240430;102310;164.38;10;10239543004;B
20240430;102311;164.39;10;10239543130;B
20240430;102311;164.4;10;10239543162;B
20240430;102320;164.39;10;10239546711;S
20240430;102322;164.4;20;10239547129;B
20240430;102323;164.39;110;10239547205;S
20240430;102324;164.4;280;10239547295;B
20240430;102324;164.4;500;10239547296;B
20240430;102324;164.4;100;10239547297;B
20240430;102324;164.4;230;10239547298;B
20240430;102324;164.4;1590;10239547299;B
20240430;102325;164.4;10;10239547526;B
20240430;102326;164.4;310;10239547822;B
20240430;102326;164.41;10;10239547823;B
20240430;102326;164.41;170;10239547824;B
20240430;102329;164.4;10;10239548754;B
20240430;102330;164.4;10;10239548886;B
20240430;102332;164.4;10;10239550947;B
20240430;102340;164.4;800;10239552055;B
20240430;102341;164.4;20;10239553121;B
20240430;102341;164.42;20;10239553122;B
20240430;102342;164.43;120;10239553129;B
20240430;102342;164.44;10;10239553130;B
20240430;102342;164.44;790;10239553131;B
20240430;102343;164.44;100;10239553203;B
20240430;102345;164.44;10;10239553356;B
20240430;102346;164.44;100;10239554171;B
20240430;102348;164.44;400;10239555197;B
20240430;102348;164.44;600;10239555199;B
20240430;102349;164.44;7850;10239555240;B
20240430;102351;164.43;100;10239555399;S
20240430;102407;164.43;50;10239560099;S
20240430;102416;164.44;10;10239561869;B
20240430;102418;164.44;10;10239561996;B
20240430;102421;164.44;1500;10239564726;B
20240430;102421;164.43;20;10239564795;S
20240430;102423;164.44;3000;10239565147;B
20240430;102429;164.44;2220;10239567190;B
20240430;102430;164.44;30;10239567275;B
20240430;102439;164.44;30;10239570296;B
20240430;102447;164.44;300;10239571215;B
20240430;102447;164.44;500;10239572201;B
20240430;102450;164.44;1700;10239573483;B
20240430;102450;164.44;100;10239573484;B
20240430;102454;164.44;180;10239574049;B
20240430;102500;164.43;10;10239575974;S
20240430;102504;164.43;100;10239576682;S
20240430;102511;164.43;10;10239578112;S
20240430;102517;164.43;10;10239579397;S
20240430;102518;164.44;30;10239579799;B
20240430;102518;164.43;200;10239580495;S
20240430;102520;164.44;10;10239580662;B
20240430;102521;164.44;1990;10239580691;B
20240430;102521;164.44;10;10239580692;B
20240430;102526;164.44;480;10239583779;B
20240430;102534;164.44;500;10239585570;B
20240430;102544;164.44;1000;10239589020;B
20240430;102544;164.44;1000;10239589021;B
20240430;102552;164.44;800;10239591613;B
20240430;102552;164.44;100;10239591625;B
20240430;102557;164.43;70;10239592983;S
20240430;102558;164.43;350;10239593370;S
20240430;102558;164.43;10;10239593371;S
20240430;102558;164.43;1750;10239593372;S
20240430;102558;164.43;10;10239593373;S
20240430;102559;164.43;10;10239593387;B
20240430;102603;164.42;120;10239596040;S
20240430;102605;164.41;30;10239596861;B
20240430;102612;164.41;70;10239599132;B
20240430;102612;164.41;130;10239599133;B
20240430;102613;164.41;470;10239599192;B
20240430;102613;164.41;130;10239599193;B
20240430;102616;164.41;30;10239600652;B
20240430;102618;164.41;120;10239600967;B
20240430;102619;164.4;480;10239601140;S
20240430;102619;164.4;800;10239601141;S
20240430;102619;164.4;220;10239601142;S
20240430;102625;164.41;600;10239602079;B
20240430;102625;164.41;250;10239602383;B
20240430;102625;164.41;1000;10239602384;B
20240430;102625;164.41;270;10239602385;B
20240430;102628;164.42;480;10239604080;B
20240430;102632;164.42;270;10239605026;B
20240430;102632;164.42;310;10239605027;B
20240430;102633;164.42;10;10239605160;B
20240430;102635;164.42;10;10239605321;B
20240430;102635;164.42;10;10239605358;B
20240430;102641;164.42;80;10239606044;B
20240430;102641;164.42;200;10239606045;B
20240430;102641;164.42;800;10239606046;B
20240430;102645;164.42;20;10239606901;B
20240430;102646;164.41;110;10239607104;S
20240430;102649;164.42;70;10239607498;B
20240430;102649;164.42;130;10239607499;B
20240430;102650;164.41;40;10239607633;S
20240430;102655;164.41;330;10239608321;S
20240430;102655;164.41;260;10239608322;S
20240430;102655;164.4;10;10239608323;S
20240430;102655;164.4;10;10239608324;S
20240430;102655;164.39;390;10239608325;S
20240430;102708;164.39;1610;10239609379;S
20240430;102708;164.38;300;10239609380;S
20240430;102708;164.38;260;10239609381;S
20240430;102708;164.37;50;10239609382;S
20240430;102708;164.36;1880;10239609383;S
20240430;102708;164.36;10;10239609384;S
20240430;102708;164.35;10;10239609385;S
20240430;102708;164.35;10;10239609386;S
20240430;102708;164.35;270;10239609387;S
20240430;102708;164.35;10;10239609388;S
20240430;102708;164.33;590;10239609389;S
20240430;102709;164.38;50;10239609541;B
20240430;102709;164.38;950;10239609542;B
20240430;102711;164.39;50;10239609686;B
20240430;102712;164.37;650;10239609789;S
20240430;102713;164.39;100;10239609887;B
20240430;102718;164.38;1000;10239610330;B
20240430;102725;164.4;10;10239611145;B
20240430;102726;164.4;260;10239611255;B
20240430;102726;164.4;220;10239611256;B
20240430;102728;164.41;180;10239611339;B
20240430;102731;164.41;410;10239611632;B
20240430;102731;164.41;110;10239611633;B
20240430;102746;164.42;90;10239613019;B
20240430;102747;164.42;230;10239613117;B
20240430;102747;164.42;260;10239613118;B
20240430;102747;164.42;1000;10239613119;B
20240430;102749;164.42;10;10239613284;S
20240430;102750;164.43;30;10239613364;B
20240430;102757;164.43;340;10239614102;B
20240430;102757;164.43;50;10239614103;B
20240430;102757;164.43;610;10239614104;B
20240430;102759;164.43;10;10239614272;B
20240430;102802;164.43;1000;10239614534;B
20240430;102802;164.43;10;10239614535;B
20240430;102802;164.43;10;10239614536;B
20240430;102802;164.43;10;10239614537;B
20240430;102802;164.43;10;10239614538;B
20240430;102802;164.43;10;10239614539;B
20240430;102802;164.43;10;10239614540;B
20240430;102802;164.43;10;10239614541;B
20240430;102802;164.44;20;10239614542;B
20240430;102802;164.44;910;10239614543;B
20240430;102803;164.44;90;10239614584;B
20240430;102803;164.44;100;10239614585;B
20240430;102803;164.44;260;10239614586;B
20240430;102803;164.44;1270;10239614587;B
20240430;102804;164.44;400;10239614673;B
20240430;102804;164.44;200;10239614727;B
20240430;102805;164.44;190;10239614847;B
20240430;102805;164.44;10;10239614848;B
20240430;102807;164.45;10;10239614953;B
20240430;102817;164.45;30;10239615719;B
20240430;102817;164.45;10;10239615721;B
20240430;102819;164.44;1000;10239615954;S
20240430;102828;164.44;20;10239616675;S
20240430;102828;164.44;10;10239616676;S
20240430;102828;164.43;300;10239616677;S
20240430;102828;164.43;190;10239616678;S
20240430;102833;164.43;240;10239617217;B
20240430;102833;164.43;260;10239617218;B
20240430;102833;164.44;170;10239617219;B
20240430;102833;164.44;30;10239617220;B
20240430;102833;164.45;290;10239617221;B
20240430;102833;164.45;10;10239617222;B
20240430;102835;164.44;50;10239617390;B
20240430;102836;164.44;260;10239617446;B
20240430;102836;164.45;30;10239617447;B
20240430;102836;164.45;610;10239617448;B
20240430;102836;164.45;100;10239617449;B
20240430;102843;164.43;10;10239618054;S
20240430;102843;164.43;90;10239618055;S
20240430;102844;164.45;1000;10239618200;B
20240430;102845;164.43;50;10239618246;S
20240430;102845;164.45;10;10239618262;B
20240430;102849;164.44;200;10239618704;B
20240430;102851;164.44;150;10239618816;B
20240430;102851;164.44;20;10239618872;B
20240430;102852;164.44;100;10239618946;B
20240430;102853;164.44;10;10239618998;B
20240430;102859;164.43;600;10239619793;S
20240430;102903;164.44;1800;10239620017;B
20240430;102904;164.44;50;10239620072;B
20240430;102904;164.44;260;10239620073;B
20240430;102905;164.45;150;10239620230;B
20240430;102906;164.44;10;10239620370;S
20240430;102914;164.45;10;10239620897;B
20240430;102917;164.45;1980;10239621461;B
20240430;102917;164.45;50;10239621462;B
20240430;102917;164.45;20;10239621463;B
20240430;102917;164.46;500;10239621464;B
20240430;102917;164.46;20;10239621465;B
20240430;102917;164.46;2990;10239621466;B
20240430;102917;164.46;800;10239621467;B
20240430;102917;164.45;70;10239621515;S
20240430;102922;164.46;150;10239621979;B
20240430;102922;164.46;300;10239621983;B
20240430;102923;164.46;60;10239622080;B
20240430;102926;164.46;480;10239622312;B
20240430;102929;164.46;220;10239622538;B
20240430;102929;164.47;440;10239622539;B
20240430;102929;164.47;30;10239622540;B
20240430;102929;164.48;50;10239622541;B
20240430;102929;164.48;300;10239622542;B
20240430;102929;164.48;10;10239622543;B
20240430;102929;164.48;100;10239622544;B
20240430;102929;164.48;500;10239622545;B
20240430;102929;164.48;210;10239622546;B
20240430;102929;164.48;60;10239622547;B
20240430;102929;164.48;60;10239622548;B
20240430;102929;164.48;260;10239622549;B
20240430;102929;164.49;250;10239622550;B
20240430;102929;164.49;5000;10239622551;B
20240430;102929;164.49;30;10239622552;B
20240430;102929;164.5;30;10239622553;B
20240430;102929;164.5;10;10239622554;B
20240430;102929;164.5;500;10239622555;B
20240430;102929;164.5;100;10239622556;B
20240430;102929;164.5;300;10239622557;B
20240430;102929;164.5;220;10239622558;B
20240430;102929;164.5;100;10239622559;B
20240430;102929;164.5;100;10239622560;B
20240430;102929;164.5;20;10239622561;B
20240430;102929;164.5;10;10239622562;B
20240430;102929;164.5;70;10239622563;B
20240430;102929;164.5;190;10239622564;B
20240430;102929;164.51;10;10239622565;B
20240430;102929;164.51;120;10239622566;B
20240430;102929;164.51;10;10239622567;B
20240430;102929;164.51;220;10239622568;B
20240430;102929;164.51;4470;10239622569;B
20240430;102929;164.5;300;10239622571;B
20240430;102929;164.51;200;10239622574;S
20240430;102930;164.52;200;10239622637;B
20240430;102930;164.52;170;10239622638;B
20240430;102930;164.52;230;10239622639;B
20240430;102931;164.52;100;10239622719;B
20240430;102931;164.51;1000;10239622721;S
20240430;102931;164.52;40;10239622776;B
20240430;102936;164.49;100;10239623233;S
20240430;102936;164.5;30;10239623286;S
20240430;102937;164.51;20;10239623334;B
20240430;102939;164.51;210;10239623427;B
20240430;102939;164.52;260;10239623428;B
20240430;102939;164.52;70;10239623429;B
20240430;102939;164.53;5020;10239623430;B
20240430;102942;164.52;250;10239623569;S
20240430;102943;164.52;10;10239623654;B
20240430;102944;164.51;50;10239623739;S
20240430;102945;164.51;60;10239623870;S
20240430;102949;164.52;10;10239624239;B
20240430;102955;164.52;50;10239624732;B
20240430;102956;164.52;10;10239624821;B
20240430;102958;164.52;200;10239625135;B
20240430;102958;164.52;690;10239625136;B
20240430;102959;164.52;10;10239625241;B
20240430;102959;164.53;10;10239625252;B
20240430;103001;164.51;50;10239625423;S
20240430;103002;164.53;120;10239625527;B
20240430;103002;164.52;800;10239625557;S
20240430;103002;164.52;1000;10239625558;S
20240430;103002;164.52;200;10239625559;S
20240430;103003;164.53;10;10239625577;B
20240430;103005;164.53;4250;10239625757;B
20240430;103005;164.53;10;10239625758;B
20240430;103005;164.53;300;10239625759;B
20240430;103005;164.53;200;10239625760;B
20240430;103005;164.53;260;10239625761;B
20240430;103005;164.53;20;10239625762;B
20240430;103005;164.54;1450;10239625763;B
20240430;103005;164.54;100;10239625764;B
20240430;103005;164.54;600;10239625765;B
20240430;103005;164.54;640;10239625766;B
20240430;103005;164.54;220;10239625767;B
20240430;103005;164.54;510;10239625768;B
20240430;103005;164.54;10;10239625769;B
20240430;103005;164.54;610;10239625770;B
20240430;103005;164.54;90;10239625771;B
20240430;103005;164.54;260;10239625772;B
20240430;103005;164.55;1580;10239625773;B
20240430;103006;164.55;150;10239625786;B
20240430;103006;164.54;300;10239625804;S
20240430;103006;164.55;8000;10239625842;B
20240430;103007;164.54;100;10239625873;S
20240430;103008;164.54;20;10239626033;S
20240430;103009;164.54;170;10239626044;S
20240430;103013;164.55;1000;10239626401;B
20240430;103019;164.55;110;10239626997;B
20240430;103019;164.54;10;10239627040;S
20240430;103021;164.55;30;10239627210;B
20240430;103021;164.54;100;10239627234;S
20240430;103024;164.55;10;10239627486;B
20240430;103024;164.54;10;10239627507;S
20240430;103028;164.55;5000;10239627829;B
20240430;103028;164.55;5000;10239627951;B
20240430;103029;164.54;880;10239628014;S
20240430;103029;164.54;800;10239628015;S
20240430;103029;164.53;390;10239628016;S
20240430;103029;164.51;1950;10239628017;S
20240430;103029;164.5;1000;10239628018;S
20240430;103029;164.5;300;10239628019;S
20240430;103029;164.48;1100;10239628020;S
20240430;103029;164.48;1530;10239628021;S
20240430;103029;164.48;450;10239628022;S
20240430;103029;164.52;50;10239628024;B
20240430;103031;164.51;10;10239628193;B
20240430;103034;164.51;20;10239628365;B
20240430;103035;164.51;20;10239628531;B
20240430;103035;164.51;110;10239628556;B
20240430;103037;164.48;10;10239628688;S
20240430;103041;164.51;40;10239629224;B
20240430;103043;164.49;10;10239629625;B
20240430;103045;164.49;10;10239629792;B
20240430;103052;164.49;980;10239630279;B
20240430;103052;164.49;20;10239630280;B
20240430;103052;164.49;50;10239630289;B
20240430;103052;164.51;140;10239630290;B
20240430;103053;164.51;10;10239630433;B
20240430;103057;164.51;30;10239630724;B
20240430;103104;164.49;40;10239631332;S
20240430;103104;164.48;60;10239631333;S
20240430;103105;164.51;20;10239631346;B
20240430;103106;164.51;800;10239631505;B
20240430;103110;164.52;10;10239631978;B
20240430;103110;164.53;300;10239631979;S
20240430;103111;164.52;410;10239632054;S
20240430;103111;164.51;650;10239632055;S
20240430;103111;164.51;150;10239632056;S
20240430;103111;164.5;790;10239632057;S
20240430;103112;164.53;10;10239632256;B
20240430;103120;164.52;50;10239632949;B
20240430;103126;164.52;490;10239633536;B
20240430;103127;164.52;10;10239633667;B
20240430;103129;164.53;50;10239633777;B
20240430;103131;164.53;70;10239634099;B
20240430;103133;164.53;10;10239634296;B
20240430;103139;164.52;60;10239634757;S
20240430;103143;164.53;470;10239634990;B
20240430;103143;164.53;410;10239634991;B
20240430;103143;164.53;20;10239634992;B
20240430;103143;164.53;280;10239634993;B
20240430;103144;164.52;10;10239635178;S
20240430;103148;164.51;20;10239635445;S
20240430;103152;164.51;30;10239635902;B
20240430;103157;164.51;10;10239637336;B
20240430;103159;164.51;300;10239637502;B
20240430;103200;164.5;20;10239637651;S
20240430;103200;164.5;10;10239637652;S
20240430;103200;164.5;10;10239637653;S
20240430;103200;164.5;50;10239637654;S
20240430;103200;164.5;400;10239637655;S
20240430;103200;164.49;170;10239637656;S
20240430;103200;164.49;440;10239637657;S
20240430;103200;164.47;2000;10239637658;S
20240430;103200;164.45;1220;10239637659;S
20240430;103200;164.45;30;10239637660;S
20240430;103200;164.45;300;10239637661;S
20240430;103200;164.44;70;10239637662;S
20240430;103200;164.44;800;10239637663;S
20240430;103200;164.43;600;10239637664;S
20240430;103206;164.44;110;10239638202;B
20240430;103210;164.47;10;10239638486;B
20240430;103212;164.47;300;10239638746;B
20240430;103212;164.47;150;10239638903;B
20240430;103214;164.47;390;10239639056;B
20240430;103214;164.48;860;10239639057;B
20240430;103214;164.49;1530;10239639058;B
20240430;103214;164.49;220;10239639059;B
20240430;103216;164.44;190;10239639463;S
20240430;103223;164.47;160;10239639892;B
20240430;103245;164.46;800;10239641546;B
20240430;103245;164.47;280;10239641566;B
20240430;103250;164.46;10;10239641874;S
20240430;103256;164.46;60;10239642451;S
20240430;103309;164.47;90;10239643378;B
20240430;103309;164.47;470;10239643391;B
20240430;103310;164.48;800;10239643502;B
20240430;103310;164.48;380;10239643503;B
20240430;103310;164.48;180;10239643504;B
20240430;103310;164.48;140;10239643505;B
20240430;103312;164.47;500;10239643612;S
20240430;103313;164.49;10;10239643683;B
20240430;103317;164.47;30;10239643945;S
20240430;103317;164.47;90;10239643946;S
20240430;103318;164.48;10;10239644193;B
20240430;103323;164.48;10;10239644518;B
20240430;103326;164.48;100;10239644865;B
20240430;103326;164.48;380;10239644866;B
20240430;103327;164.47;20;10239645035;S
20240430;103329;164.48;30;10239645225;B
20240430;103334;164.47;300;10239645558;S
20240430;103334;164.47;200;10239645559;S
20240430;103334;164.47;240;10239645560;S
20240430;103337;164.46;20;10239645721;S
20240430;103340;164.47;430;10239645915;B
20240430;103340;164.47;300;10239645916;B
20240430;103340;164.47;70;10239645917;B
20240430;103340;164.47;300;10239645918;B
20240430;103340;164.47;630;10239645919;B
20240430;103340;164.47;70;10239645920;B
20240430;103352;164.48;550;10239646970;B
20240430;103354;164.46;30;10239647139;S
20240430;103354;164.48;950;10239647168;B
20240430;103359;164.48;10;10239647447;S
20240430;103400;164.49;40;10239647561;B
20240430;103400;164.49;370;10239647562;B
20240430;103400;164.49;240;10239647563;B
20240430;103400;164.48;10;10239647567;S
20240430;103401;164.49;10;10239647633;B
20240430;103402;164.48;890;10239647700;S
20240430;103403;164.48;3140;10239647863;S
20240430;103403;164.48;570;10239647864;S
20240430;103409;164.48;40;10239648315;B
20240430;103409;164.48;100;10239648324;B
20240430;103418;164.48;80;10239649325;B
20240430;103419;164.48;530;10239649400;B
20240430;103419;164.48;1000;10239649401;B
20240430;103419;164.48;180;10239649402;B
20240430;103419;164.49;1110;10239649403;B
20240430;103419;164.49;1100;10239649404;B
20240430;103419;164.49;370;10239649405;B
20240430;103419;164.49;300;10239649406;B
20240430;103422;164.48;30;10239649664;B
20240430;103422;164.48;230;10239649665;B
20240430;103429;164.47;370;10239650231;S
20240430;103429;164.47;20;10239650232;S
20240430;103429;164.47;1910;10239650286;B
20240430;103429;164.48;320;10239650287;B
20240430;103429;164.48;370;10239650288;B
20240430;103429;164.49;860;10239650289;B
20240430;103439;164.48;290;10239651199;B
20240430;103439;164.48;300;10239651222;B
20240430;103439;164.49;70;10239651223;B
20240430;103439;164.49;370;10239651224;B
20240430;103439;164.49;260;10239651225;B
20240430;103451;164.48;230;10239652401;S
20240430;103451;164.47;250;10239652402;S
20240430;103456;164.49;10;10239652879;B
20240430;103503;164.48;880;10239654003;B
20240430;103503;164.48;360;10239654004;B
20240430;103503;164.49;660;10239654005;B
20240430;103503;164.49;400;10239654006;B
20240430;103503;164.5;60;10239654007;B
20240430;103503;164.5;10;10239654008;B
20240430;103503;164.5;110;10239654009;B
20240430;103503;164.5;3670;10239654010;B
20240430;103504;164.5;640;10239654028;B
20240430;103505;164.48;500;10239654144;S
20240430;103508;164.48;70;10239654304;B
20240430;103512;164.48;10;10239654797;B
20240430;103517;164.48;300;10239655382;B
20240430;103519;164.48;120;10239655480;B
20240430;103519;164.48;200;10239655481;B
20240430;103519;164.48;140;10239655482;B
20240430;103522;164.48;600;10239655805;S
20240430;103522;164.48;20;10239655806;S
20240430;103524;164.48;10;10239656058;S
20240430;103526;164.49;360;10239656333;B
20240430;103530;164.5;60;10239656746;B
20240430;103533;164.5;10;10239657085;B
20240430;103534;164.49;20;10239657175;S
20240430;103536;164.5;10;10239657285;B
20240430;103537;164.5;60;10239657396;B
20240430;103542;164.49;50;10239657675;S
20240430;103542;164.5;300;10239657748;B
20240430;103542;164.5;3000;10239657749;B
20240430;103542;164.5;700;10239657750;B
20240430;103542;164.5;3000;10239657751;B
20240430;103542;164.5;550;10239657752;B
20240430;103542;164.5;150;10239657753;B
20240430;103542;164.52;20;10239657754;B
20240430;103542;164.52;10;10239657755;B
20240430;103542;164.52;60;10239657756;B
20240430;103542;164.53;360;10239657757;B
20240430;103543;164.54;460;10239657779;B
20240430;103543;164.54;440;10239657780;B
20240430;103543;164.54;100;10239657804;B
20240430;103546;164.54;70;10239658096;B
20240430;103548;164.54;10;10239658308;B
20240430;103551;164.52;800;10239658767;S
20240430;103551;164.51;360;10239658768;S
20240430;103551;164.51;800;10239658769;S
20240430;103551;164.5;2300;10239658770;S
20240430;103551;164.5;1900;10239658771;S
20240430;103551;164.5;100;10239658772;S
20240430;103551;164.5;10;10239658773;S
20240430;103551;164.5;10;10239658774;S
20240430;103551;164.49;50;10239658775;S
20240430;103551;164.49;10;10239658776;S
20240430;103551;164.49;70;10239658777;S
20240430;103551;164.49;20;10239658778;S
20240430;103551;164.49;2000;10239658779;S
20240430;103557;164.49;10;10239659415;B
20240430;103559;164.49;5300;10239659626;B
20240430;103600;164.49;210;10239659688;B
20240430;103601;164.49;600;10239659740;B
20240430;103603;164.49;50;10239660028;B
20240430;103604;164.49;20;10239660055;B
20240430;103604;164.49;10;10239660119;B
20240430;103605;164.49;70;10239660189;B
20240430;103611;164.48;10;10239660708;S
20240430;103611;164.48;190;10239660709;S
20240430;103612;164.47;50;10239660810;S
20240430;103617;164.49;300;10239661622;B
20240430;103617;164.49;10;10239661688;B
20240430;103621;164.49;2000;10239662819;B
20240430;103636;164.49;430;10239664288;B
20240430;103638;164.48;40;10239664395;S
20240430;103638;164.48;460;10239664396;S
20240430;103646;164.49;20;10239665107;B
20240430;103649;164.49;10;10239665353;B
20240430;103650;164.49;200;10239665454;B
20240430;103650;164.49;10;10239665455;B
20240430;103651;164.49;100;10239665538;B
20240430;103653;164.49;40;10239665744;B
20240430;103653;164.49;10;10239665745;B
20240430;103653;164.49;20;10239665746;B
20240430;103653;164.49;720;10239665747;B
20240430;103658;164.5;20;10239666133;B
20240430;103700;164.5;130;10239666438;B
20240430;103701;164.5;580;10239666629;B
20240430;103708;164.49;60;10239667209;S
20240430;103709;164.49;700;10239667317;S
20240430;103709;164.49;300;10239667318;S
20240430;103715;164.5;40;10239668344;B
20240430;103716;164.51;360;10239668355;B
20240430;103716;164.51;540;10239668356;B
20240430;103718;164.49;20;10239668581;S
20240430;103719;164.48;10;10239668728;S
20240430;103719;164.47;60;10239668729;S
20240430;103721;164.47;1000;10239668927;S
20240430;103726;164.49;480;10239669597;B
20240430;103729;164.47;90;10239670154;S
20240430;103736;164.49;10;10239670642;B
20240430;103736;164.49;90;10239670643;B
20240430;103742;164.49;80;10239672038;B
20240430;103742;164.47;10;10239672112;S
20240430;103749;164.47;790;10239672823;S
20240430;103749;164.47;100;10239672824;S
20240430;103749;164.46;1080;10239672825;S
20240430;103749;164.46;20;10239672826;S
20240430;103749;164.46;40;10239672827;S
20240430;103749;164.46;60;10239672828;S
20240430;103749;164.46;190;10239672829;S
20240430;103749;164.46;350;10239672830;S
20240430;103749;164.45;1000;10239672831;S
20240430;103749;164.45;2500;10239672832;B
20240430;103749;164.45;500;10239672833;B
20240430;103749;164.45;1370;10239672834;B
20240430;103749;164.45;350;10239672835;B
20240430;103749;164.45;480;10239672836;B
20240430;103749;164.45;520;10239672837;B
20240430;103755;164.47;20;10239673380;B
20240430;103757;164.47;90;10239673686;B
20240430;103759;164.47;490;10239673839;B
20240430;103759;164.47;70;10239673840;B
20240430;103759;164.47;30;10239673859;S
20240430;103759;164.45;100;10239673860;S
20240430;103800;164.47;10;10239674004;B
20240430;103801;164.47;40;10239674087;B
20240430;103802;164.48;40;10239674246;B
20240430;103803;164.48;140;10239674324;B
20240430;103807;164.47;20;10239674880;S
20240430;103807;164.47;20;10239674881;S
20240430;103807;164.47;10;10239674882;S
20240430;103807;164.47;20;10239674883;S
20240430;103807;164.47;20;10239674884;S
20240430;103807;164.47;10;10239674885;S
20240430;103807;164.47;30;10239674886;S
20240430;103807;164.47;10;10239674887;S
20240430;103807;164.47;20;10239674888;S
20240430;103807;164.47;10;10239674889;S
20240430;103807;164.47;30;10239674890;S
20240430;103807;164.47;10;10239674891;S
20240430;103807;164.47;30;10239674892;S
20240430;103807;164.47;10;10239674893;S
20240430;103807;164.47;10;10239674894;S
20240430;103807;164.47;80;10239674895;S
20240430;103807;164.47;10;10239674896;S
20240430;103807;164.47;10;10239674897;S
20240430;103807;164.47;10;10239674898;S
20240430;103807;164.47;10;10239674900;S
20240430;103807;164.47;20;10239674903;S
20240430;103807;164.47;10;10239674904;S
20240430;103807;164.47;10;10239674905;S
20240430;103807;164.47;10;10239674906;S
20240430;103807;164.47;110;10239674907;S
20240430;103807;164.47;10;10239674908;S
20240430;103807;164.47;10;10239674909;S
20240430;103807;164.45;10;10239674910;S
20240430;103807;164.45;10;10239674911;S
20240430;103807;164.45;10;10239674912;S
20240430;103807;164.45;10;10239674913;S
20240430;103807;164.45;10;10239674914;S
20240430;103807;164.45;10;10239674915;S
20240430;103807;164.45;10;10239674916;S
20240430;103807;164.45;10;10239674917;S
20240430;103807;164.45;30;10239674918;S
20240430;103807;164.45;10;10239674919;S
20240430;103807;164.45;50;10239674920;S
20240430;103807;164.45;10;10239674921;S
20240430;103807;164.45;10;10239674922;S
20240430;103807;164.45;60;10239674923;S
20240430;103807;164.45;10;10239674924;S
20240430;103807;164.44;50;10239674925;S
20240430;103807;164.44;120;10239674926;S
20240430;103807;164.44;10;10239674927;S
20240430;103807;164.44;10;10239674929;S
20240430;103807;164.44;10;10239674930;S
20240430;103807;164.44;10;10239674931;S
20240430;103807;164.44;10;10239674932;S
20240430;103807;164.44;10;10239674933;S
20240430;103807;164.44;50;10239674934;S
20240430;103807;164.44;240;10239674935;S
20240430;103807;164.44;10;10239674937;S
20240430;103807;164.44;20;10239674938;S
20240430;103807;164.44;20;10239674939;S
20240430;103807;164.44;20;10239674940;S
20240430;103807;164.44;10;10239674942;S
20240430;103807;164.44;70;10239674944;S
20240430;103807;164.44;10;10239674945;S
20240430;103807;164.44;140;10239674946;S
20240430;103807;164.44;20;10239674947;S
20240430;103807;164.44;10;10239674948;S
20240430;103807;164.44;20;10239674976;S
20240430;103807;164.44;10;10239674977;S
20240430;103807;164.44;10;10239674978;S
20240430;103807;164.44;30;10239674979;S
20240430;103807;164.44;580;10239674980;S
20240430;103807;164.44;30;10239674981;S
20240430;103807;164.44;10;10239674982;S
20240430;103807;164.44;110;10239674983;S
20240430;103807;164.44;20;10239674985;S
20240430;103807;164.44;40;10239674986;S
20240430;103807;164.44;10;10239674987;S
20240430;103807;164.44;20;10239674988;S
20240430;103807;164.44;50;10239674989;S
20240430;103807;164.44;10;10239674990;S
20240430;103807;164.44;10;10239674991;S
20240430;103807;164.44;20;10239674992;S
20240430;103807;164.44;20;10239674993;S
20240430;103807;164.44;10;10239674994;S
20240430;103807;164.44;10;10239674995;S
20240430;103807;164.44;30;10239674996;S
20240430;103807;164.44;10;10239674997;S
20240430;103807;164.44;20;10239674998;S
20240430;103807;164.44;20;10239674999;S
20240430;103807;164.44;140;10239675001;S
20240430;103807;164.44;20;10239675002;S
20240430;103807;164.44;130;10239675008;S
20240430;103808;164.44;50;10239675025;S
20240430;103808;164.44;10;10239675026;S
20240430;103808;164.44;10;10239675029;S
20240430;103808;164.44;20;10239675030;S
20240430;103808;164.44;20;10239675031;S
20240430;103808;164.44;250;10239675032;S
20240430;103808;164.44;10;10239675033;S
20240430;103808;164.44;10;10239675034;S
20240430;103808;164.44;100;10239675035;S
20240430;103808;164.44;20;10239675036;S
20240430;103808;164.44;20;10239675037;S
20240430;103808;164.44;10;10239675038;S
20240430;103808;164.44;10;10239675039;S
20240430;103808;164.44;30;10239675040;S
20240430;103808;164.44;10;10239675041;S
20240430;103808;164.44;90;10239675042;S
20240430;103808;164.44;20;10239675043;S
20240430;103808;164.44;10;10239675044;S
20240430;103808;164.44;10;10239675045;S
20240430;103808;164.44;10;10239675046;S
20240430;103808;164.44;10;10239675049;S
20240430;103808;164.44;10;10239675050;S
20240430;103808;164.44;20;10239675051;S
20240430;103808;164.44;10;10239675052;S
20240430;103808;164.44;10;10239675054;S
20240430;103808;164.44;10;10239675055;S
20240430;103808;164.44;10;10239675056;S
20240430;103808;164.44;10;10239675057;S
20240430;103808;164.44;10;10239675059;S
20240430;103808;164.44;40;10239675063;S
20240430;103808;164.44;100;10239675064;S
20240430;103808;164.42;160;10239675065;S
20240430;103808;164.42;10;10239675066;S
20240430;103808;164.42;120;10239675073;S
20240430;103808;164.42;20;10239675074;S
20240430;103808;164.42;10;10239675075;S
20240430;103808;164.42;10;10239675077;S
20240430;103808;164.42;10;10239675078;S
20240430;103808;164.42;10;10239675079;S
20240430;103808;164.42;30;10239675086;S
20240430;103808;164.42;30;10239675088;S
20240430;103808;164.42;10;10239675089;S
20240430;103808;164.42;10;10239675090;S
20240430;103808;164.42;70;10239675097;S
20240430;103808;164.42;50;10239675103;S
20240430;103808;164.4;10;10239675104;S
20240430;103808;164.4;60;10239675105;S
20240430;103808;164.4;10;10239675117;S
20240430;103808;164.4;20;10239675121;S
20240430;103808;164.4;20;10239675123;S
20240430;103808;164.4;30;10239675125;S
20240430;103808;164.4;20;10239675126;S
20240430;103808;164.4;20;10239675127;S
20240430;103808;164.4;10;10239675132;S
20240430;103808;164.4;10;10239675141;S
20240430;103808;164.4;20;10239675142;S
20240430;103808;164.4;10;10239675143;S
20240430;103808;164.4;10;10239675144;S
20240430;103808;164.4;10;10239675145;S
20240430;103808;164.4;10;10239675146;S
20240430;103808;164.4;10;10239675149;S
20240430;103808;164.4;10;10239675195;S
20240430;103808;164.4;130;10239675207;S
20240430;103808;164.4;40;10239675208;S
20240430;103808;164.4;30;10239675209;S
20240430;103808;164.38;10;10239675210;S
20240430;103808;164.37;150;10239675211;S
20240430;103808;164.37;30;10239675212;S
20240430;103808;164.36;10;10239675213;S
20240430;103808;164.36;80;10239675214;S
20240430;103808;164.36;40;10239675227;S
20240430;103809;164.36;60;10239675234;S
20240430;103809;164.36;10;10239675242;S
20240430;103809;164.36;10;10239675243;S
20240430;103809;164.36;10;10239675244;S
20240430;103809;164.36;10;10239675248;S
20240430;103809;164.36;10;10239675254;S
20240430;103809;164.36;40;10239675255;S
20240430;103810;164.36;50;10239675338;S
20240430;103811;164.36;80;10239675571;S
20240430;103811;164.36;20;10239675576;S
20240430;103812;164.36;10;10239675720;S
20240430;103812;164.36;10;10239675721;S
20240430;103812;164.36;20;10239675723;S
20240430;103812;164.36;20;10239675733;S
20240430;103813;164.36;1520;10239675926;S
20240430;103813;164.36;340;10239675927;S
20240430;103813;164.34;30;10239675928;S
20240430;103813;164.33;10;10239675929;S
20240430;103813;164.33;500;10239675930;S
20240430;103813;164.33;100;10239675931;S
20240430;103813;164.33;30;10239675932;S
20240430;103813;164.33;300;10239675933;S
20240430;103813;164.32;170;10239675934;S
20240430;103813;164.35;2000;10239675941;S
20240430;103813;164.35;300;10239675942;S
20240430;103813;164.34;2500;10239675943;S
20240430;103813;164.34;340;10239675944;S
20240430;103813;164.32;1830;10239675945;S
20240430;103813;164.32;10;10239675946;S
20240430;103813;164.32;2000;10239675947;S
20240430;103813;164.31;220;10239675948;S
20240430;103813;164.31;170;10239675949;S
20240430;103813;164.3;580;10239675950;S
20240430;103813;164.3;10;10239675951;S
20240430;103813;164.3;10;10239675952;S
20240430;103813;164.3;10;10239675953;S
20240430;103813;164.3;20;10239675954;S
20240430;103813;164.3;10;10239675955;S
20240430;103813;164.34;600;10239675961;B
20240430;103813;164.33;10;10239675963;S
20240430;103813;164.35;20;10239675965;B
20240430;103813;164.33;120;10239675966;S
20240430;103814;164.33;10;10239676044;S
20240430;103814;164.33;10;10239676066;S
20240430;103815;164.33;10;10239676186;S
20240430;103815;164.33;10;10239676187;S
20240430;103819;164.33;1000;10239676837;S
20240430;103821;164.33;830;10239677192;S
20240430;103821;164.32;340;10239677193;S
20240430;103821;164.31;420;10239677194;S
20240430;103821;164.31;300;10239677195;S
20240430;103821;164.3;4000;10239677196;S
20240430;103821;164.3;500;10239677197;S
20240430;103821;164.3;100;10239677198;S
20240430;103821;164.3;30;10239677199;S
20240430;103821;164.29;220;10239677200;S
20240430;103821;164.28;220;10239677201;S
20240430;103821;164.28;540;10239677202;S
20240430;103822;164.33;10;10239677537;B
20240430;103825;164.3;20;10239677926;S
20240430;103825;164.28;980;10239677927;S
20240430;103834;164.32;10;10239678894;B
20240430;103834;164.32;10;10239678927;B
20240430;103837;164.32;10;10239679217;B
20240430;103838;164.3;10;10239679236;S
20240430;103838;164.28;390;10239679237;S
20240430;103838;164.28;250;10239679238;S
20240430;103849;164.3;10;10239680433;B
20240430;103849;164.31;10;10239680434;B
20240430;103850;164.27;330;10239680597;S
20240430;103850;164.27;100;10239680598;S
20240430;103850;164.27;220;10239680599;S
20240430;103850;164.26;770;10239680611;S
20240430;103850;164.26;220;10239680612;S
20240430;103850;164.25;220;10239680613;S
20240430;103850;164.25;330;10239680614;S
20240430;103850;164.24;220;10239680615;S
20240430;103850;164.24;600;10239680616;S
20240430;103850;164.23;500;10239680617;S
20240430;103850;164.23;220;10239680618;S
20240430;103850;164.23;3060;10239680619;S
20240430;103850;164.23;770;10239680620;S
20240430;103850;164.23;300;10239680621;S
20240430;103850;164.22;20;10239680622;S
20240430;103850;164.22;1000;10239680623;S
20240430;103850;164.22;220;10239680624;S
20240430;103850;164.22;2000;10239680625;S
20240430;103850;164.21;10;10239680626;S
20240430;103850;164.21;10;10239680627;S
20240430;103850;164.21;1000;10239680628;S
20240430;103850;164.21;220;10239680629;S
20240430;103850;164.21;1910;10239680630;S
20240430;103850;164.2;5680;10239680631;S
20240430;103850;164.2;500;10239680632;S
20240430;103850;164.2;10;10239680633;S
20240430;103850;164.2;250;10239680634;S
20240430;103850;164.2;1840;10239680635;S
20240430;103850;164.2;1000;10239680636;S
20240430;103850;164.2;220;10239680637;S
20240430;103850;164.2;10;10239680638;S
20240430;103850;164.2;500;10239680639;S
20240430;103850;164.2;800;10239680640;S
20240430;103850;164.2;800;10239680641;S
20240430;103850;164.2;610;10239680642;S
20240430;103850;164.19;20;10239680643;S
20240430;103850;164.19;1000;10239680644;S
20240430;103850;164.19;220;10239680645;S
20240430;103850;164.19;60;10239680646;S
20240430;103850;164.19;8000;10239680647;S
20240430;103850;164.19;600;10239680648;S
20240430;103850;164.18;50;10239680649;S
20240430;103850;164.18;1000;10239680650;S
20240430;103850;164.18;220;10239680651;S
20240430;103850;164.17;3000;10239680652;S
20240430;103850;164.17;1000;10239680653;S
20240430;103850;164.17;220;10239680654;S
20240430;103850;164.17;500;10239680655;S
20240430;103850;164.16;500;10239680656;S
20240430;103850;164.16;1000;10239680657;S
20240430;103850;164.16;8000;10239680658;S
20240430;103850;164.15;1000;10239680659;S
20240430;103850;164.15;10;10239680660;S
20240430;103850;164.15;20;10239680661;S
20240430;103850;164.15;20;10239680662;S
20240430;103850;164.15;6000;10239680663;S
20240430;103850;164.15;1000;10239680664;S
20240430;103850;164.15;8000;10239680665;S
20240430;103850;164.15;8000;10239680666;S
20240430;103850;164.14;1000;10239680667;S
20240430;103850;164.13;640;10239680668;S
20240430;103850;164.13;1000;10239680669;S
20240430;103850;164.13;200;10239680670;B
20240430;103850;164.13;1000;10239680671;B
20240430;103850;164.13;100;10239680672;B
20240430;103850;164.13;1000;10239680675;B
20240430;103850;164.12;10;10239680676;S
20240430;103850;164.12;220;10239680677;S
20240430;103850;164.11;20;10239680678;S
20240430;103850;164.11;220;10239680679;S
20240430;103850;164.11;180;10239680680;S
20240430;103850;164.13;200;10239680681;B
20240430;103850;164.13;100;10239680684;B
20240430;103850;164.13;100;10239680685;B
20240430;103850;164.13;1000;10239680686;B
20240430;103850;164.12;100;10239680687;B
20240430;103850;164.13;200;10239680688;B
20240430;103850;164.11;60;10239680689;S
20240430;103850;164.13;80;10239680691;B
20240430;103850;164.12;60;10239680693;B
20240430;103850;164.12;80;10239680694;B
20240430;103851;164.12;100;10239680765;B
20240430;103853;164.11;160;10239681057;S
20240430;103853;164.11;380;10239681058;S
20240430;103853;164.1;10;10239681059;S
20240430;103853;164.1;500;10239681060;S
20240430;103853;164.1;200;10239681061;S
20240430;103853;164.1;1900;10239681062;S
20240430;103853;164.1;100;10239681063;S
20240430;103853;164.1;500;10239681064;S
20240430;103853;164.1;1000;10239681065;S
20240430;103853;164.1;100;10239681066;S
20240430;103853;164.1;10;10239681067;S
20240430;103853;164.1;100;10239681068;S
20240430;103853;164.1;10;10239681069;S
20240430;103853;164.11;220;10239681070;S
20240430;103854;164.11;300;10239681154;B
20240430;103855;164.11;60;10239681256;B
20240430;103856;164.11;10;10239681382;B
20240430;103859;164.11;10;10239681722;B
20240430;103901;164.11;100;10239681846;B
20240430;103901;164.11;700;10239681847;B
20240430;103901;164.11;90;10239681848;B
20240430;103901;164.11;710;10239681849;B
20240430;103901;164.11;90;10239681850;B
20240430;103901;164.11;710;10239681851;B
20240430;103901;164.11;800;10239681852;B
20240430;103901;164.11;500;10239681853;B
20240430;103901;164.11;10;10239681854;B
20240430;103901;164.12;10;10239681855;B
20240430;103901;164.12;10;10239681856;B
20240430;103901;164.12;10;10239681857;B
20240430;103901;164.19;380;10239681858;B
20240430;103902;164.2;100;10239681878;B
20240430;103902;164.19;300;10239681879;B
20240430;103902;164.19;300;10239681880;B
20240430;103902;164.2;290;10239681881;B
20240430;103902;164.2;800;10239681882;B
20240430;103902;164.2;500;10239681883;B
20240430;103902;164.2;120;10239681884;B
20240430;103902;164.2;300;10239681885;B
20240430;103902;164.2;300;10239681886;B
20240430;103902;164.2;100;10239681887;B
20240430;103902;164.2;670;10239681888;B
20240430;103902;164.2;100;10239681889;B
20240430;103902;164.2;100;10239681890;B
20240430;103902;164.2;100;10239681891;B
20240430;103902;164.2;100;10239681892;B
20240430;103902;164.2;100;10239681893;B
20240430;103902;164.2;400;10239681894;B
20240430;103902;164.2;100;10239681895;B
20240430;103902;164.2;100;10239681896;B
20240430;103902;164.2;600;10239681897;B
20240430;103902;164.2;1160;10239682001;B
20240430;103906;164.2;10;10239682250;B
20240430;103907;164.19;610;10239682315;S
20240430;103907;164.19;10;10239682316;S
20240430;103907;164.19;100;10239682317;S
20240430;103907;164.19;800;10239682318;S
20240430;103907;164.19;300;10239682319;S
20240430;103907;164.19;1000;10239682320;S
20240430;103907;164.18;380;10239682321;S
20240430;103907;164.16;800;10239682322;S
20240430;103907;164.16;1000;10239682323;S
20240430;103907;164.15;220;10239682324;S
20240430;103907;164.14;220;10239682325;S
20240430;103907;164.13;220;10239682326;S
20240430;103907;164.12;220;10239682327;S
20240430;103907;164.12;320;10239682328;S
20240430;103907;164.12;300;10239682329;S
20240430;103907;164.11;220;10239682330;S
20240430;103907;164.11;1100;10239682331;S
20240430;103907;164.11;800;10239682332;S
20240430;103907;164.11;20;10239682333;S
20240430;103907;164.11;1000;10239682334;S
20240430;103907;164.11;6160;10239682335;B
20240430;103907;164.11;100;10239682337;B
20240430;103907;164.11;100;10239682386;B
20240430;103908;164.11;50;10239682489;B
20240430;103909;164.11;500;10239682600;B
20240430;103910;164.1;40;10239682654;S
20240430;103910;164.11;200;10239682712;B
20240430;103912;164.11;10;10239683028;B
20240430;103914;164.1;10;10239683498;S
20240430;103914;164.1;150;10239683499;S
20240430;103914;164.11;500;10239683505;B
20240430;103916;164.11;10;10239683730;B
20240430;103918;164.11;10;10239683885;B
20240430;103918;164.11;90;10239683886;B
20240430;103919;164.11;1000;10239683960;B
20240430;103920;164.11;10;10239684079;B
20240430;103922;164.1;20;10239684257;S
20240430;103923;164.11;20;10239684302;B
20240430;103926;164.11;490;10239684711;B
20240430;103930;164.11;210;10239685184;B
20240430;103931;164.11;500;10239685317;B
20240430;103932;164.1;50;10239685344;S
20240430;103932;164.1;70;10239685345;S
20240430;103933;164.1;30;10239685433;S
20240430;103933;164.11;500;10239685435;B
20240430;103934;164.1;700;10239685711;S
20240430;103934;164.1;300;10239685712;S
20240430;103937;164.1;100;10239685976;S
20240430;103940;164.11;10;10239686315;B
20240430;103941;164.11;50;10239686417;B
20240430;103942;164.1;600;10239686479;S
20240430;103942;164.1;300;10239686480;S
20240430;103942;164.1;610;10239686481;S
20240430;103942;164.1;150;10239686482;S
20240430;103942;164.1;30;10239686483;S
20240430;103942;164.1;310;10239686484;S
20240430;103945;164.11;1020;10239686745;B
20240430;103947;164.1;100;10239687133;S
20240430;103948;164.11;500;10239687364;B
20240430;103949;164.1;50;10239687388;S
20240430;103954;164.11;100;10239688020;B
20240430;103955;164.11;1200;10239688040;B
20240430;103955;164.11;2000;10239688055;B
20240430;103955;164.11;600;10239688056;B
20240430;103959;164.1;2000;10239688425;S
20240430;104004;164.11;700;10239689017;B
20240430;104004;164.11;50;10239689018;B
20240430;104004;164.12;240;10239689019;B
20240430;104006;164.13;40;10239689591;S
20240430;104008;164.13;610;10239689932;S
20240430;104008;164.12;890;10239689933;S
20240430;104015;164.13;10;10239690827;S
20240430;104016;164.16;10;10239690997;B
20240430;104016;164.16;10;10239690998;B
20240430;104017;164.16;20;10239691133;B
20240430;104020;164.13;20;10239691524;S
20240430;104026;164.13;20;10239692287;S
20240430;104034;164.13;310;10239693006;S
20240430;104036;164.13;260;10239693116;S
20240430;104036;164.13;450;10239693117;S
20240430;104036;164.13;20;10239693118;S
20240430;104036;164.13;40;10239693119;S
20240430;104036;164.12;80;10239693120;S
20240430;104036;164.12;10;10239693121;S
20240430;104036;164.12;300;10239693122;S
20240430;104036;164.11;220;10239693123;S
20240430;104036;164.11;150;10239693124;S
20240430;104036;164.11;500;10239693125;S
20240430;104036;164.11;150;10239693126;S
20240430;104036;164.11;20;10239693127;S
20240430;104036;164.11;10;10239693128;S
20240430;104036;164.1;3690;10239693129;S
20240430;104053;164.15;30;10239694581;B
20240430;104053;164.16;50;10239694582;B
20240430;104053;164.16;30;10239694583;B
20240430;104058;164.17;30;10239694899;B
20240430;104058;164.16;30;10239694952;S
20240430;104103;164.15;10;10239695311;S
20240430;104104;164.18;10;10239695370;B
20240430;104110;164.19;60;10239696051;S
20240430;104113;164.19;300;10239696323;S
20240430;104113;164.18;430;10239696324;S
20240430;104113;164.18;440;10239696325;S
20240430;104113;164.18;1000;10239696326;S
20240430;104113;164.15;610;10239696327;S
20240430;104113;164.14;220;10239696328;S
20240430;104125;164.2;50;10239697309;B
20240430;104126;164.2;480;10239697456;B
20240430;104133;164.2;10;10239697954;B
20240430;104141;164.2;290;10239698696;B
20240430;104142;164.2;90;10239698821;B
20240430;104143;164.2;800;10239698878;B
20240430;104143;164.2;230;10239698879;B
20240430;104143;164.2;440;10239698880;B
20240430;104146;164.21;100;10239699080;B
20240430;104146;164.26;200;10239699081;B
20240430;104146;164.26;100;10239699082;B
20240430;104146;164.26;100;10239699083;B
20240430;104147;164.26;400;10239699162;B
20240430;104148;164.24;50;10239699279;S
20240430;104200;164.28;300;10239700213;B
20240430;104201;164.24;420;10239700371;S
20240430;104201;164.23;1100;10239700372;S
20240430;104201;164.22;1280;10239700373;S
20240430;104205;164.22;1000;10239700687;S
20240430;104205;164.22;250;10239700688;S
20240430;104211;164.27;10;10239701182;B
20240430;104213;164.27;60;10239701291;B
20240430;104213;164.27;10;10239701341;B
20240430;104214;164.27;100;10239701351;B
20240430;104219;164.28;10;10239701670;B
20240430;104221;164.27;10;10239701962;S
20240430;104225;164.27;440;10239702358;S
20240430;104233;164.27;10;10239702903;B
20240430;104243;164.27;60;10239703635;B
20240430;104243;164.28;20;10239703636;B
20240430;104244;164.27;10;10239703691;S
20240430;104244;164.26;20;10239703692;S
20240430;104244;164.28;360;10239703749;B
20240430;104244;164.29;100;10239703750;B
20240430;104244;164.3;540;10239703751;B
20240430;104258;164.3;10;10239704621;B
20240430;104258;164.3;30;10239704696;B
20240430;104258;164.31;10;10239704697;B
20240430;104258;164.31;20;10239704698;B
20240430;104304;164.31;10;10239705051;B
20240430;104318;164.3;60;10239705885;S
20240430;104319;164.31;60;10239705950;B
20240430;104319;164.3;150;10239705955;S
20240430;104324;164.3;60;10239706288;S
20240430;104326;164.29;300;10239706354;B
20240430;104326;164.29;180;10239706355;B
20240430;104327;164.29;10;10239706454;B
20240430;104332;164.29;10;10239706824;B
20240430;104339;164.29;800;10239707275;B
20240430;104339;164.29;350;10239707276;B
20240430;104353;164.29;10;10239708248;B
20240430;104359;164.29;10;10239708710;B
20240430;104402;164.29;430;10239708866;B
20240430;104402;164.29;10;10239708867;B
20240430;104402;164.3;350;10239708868;B
20240430;104402;164.31;460;10239708869;B
20240430;104403;164.31;10;10239709002;B
20240430;104411;164.29;20;10239709531;S
20240430;104415;164.31;10;10239709924;B
20240430;104431;164.3;100;10239711192;B
20240430;104435;164.29;330;10239711399;S
20240430;104435;164.29;1890;10239711400;S
20240430;104440;164.28;1900;10239711715;S
20240430;104443;164.28;300;10239711888;B
20240430;104446;164.27;20;10239712182;S
20240430;104448;164.27;480;10239712288;S
20240430;104448;164.27;350;10239712289;S
20240430;104448;164.25;1170;10239712290;S
20240430;104449;164.26;800;10239712346;B
20240430;104451;164.26;20;10239712463;B
20240430;104451;164.26;10;10239712485;B
20240430;104454;164.26;60;10239712658;B
20240430;104456;164.26;10;10239712853;B
20240430;104456;164.26;10;10239712858;B
20240430;104500;164.25;20;10239713110;S
20240430;104500;164.25;970;10239713143;S
20240430;104500;164.26;1000;10239713205;B
20240430;104500;164.25;10;10239713206;S
20240430;104504;164.26;20;10239713596;B
20240430;104508;164.25;10;10239713875;S
20240430;104511;164.25;320;10239714012;S
20240430;104511;164.24;500;10239714013;S
20240430;104511;164.24;1910;10239714014;S
20240430;104515;164.23;200;10239714326;S
20240430;104515;164.24;350;10239714343;B
20240430;104515;164.24;8000;10239714344;B
20240430;104515;164.24;300;10239714345;B
20240430;104515;164.24;1000;10239714346;B
20240430;104515;164.24;350;10239714347;B
20240430;104516;164.25;10;10239714415;B
20240430;104519;164.25;30;10239714654;B
20240430;104521;164.25;20;10239714860;B
20240430;104526;164.24;490;10239715070;B
20240430;104532;164.23;300;10239715397;S
20240430;104532;164.23;30;10239715398;S
20240430;104532;164.22;350;10239715399;S
20240430;104532;164.21;300;10239715400;S
20240430;104532;164.2;1000;10239715401;S
20240430;104532;164.2;50;10239715402;S
20240430;104532;164.2;1670;10239715403;S
20240430;104539;164.22;10;10239715739;B
20240430;104545;164.22;10;10239715990;B
20240430;104545;164.22;10;10239716017;B
20240430;104547;164.22;30;10239716097;B
20240430;104611;164.22;100;10239717401;B
20240430;104612;164.22;10;10239717453;B
20240430;104612;164.22;100;10239717455;B
20240430;104612;164.22;100;10239717456;B
20240430;104615;164.22;10;10239717572;B
20240430;104624;164.22;10;10239718186;B
20240430;104627;164.21;300;10239718346;S
20240430;104627;164.21;50;10239718347;S
20240430;104630;164.22;20;10239718554;B
20240430;104637;164.22;10;10239718923;B
20240430;104651;164.22;20;10239721054;B
20240430;104704;164.22;240;10239722582;B
20240430;104704;164.22;10;10239722583;B
20240430;104704;164.22;20;10239722584;B
20240430;104704;164.22;390;10239722585;B
20240430;104704;164.22;300;10239722586;B
20240430;104704;164.22;40;10239722587;B
20240430;104709;164.22;10;10239722959;B
20240430;104710;164.22;10;10239723163;B
20240430;104716;164.22;10;10239724646;B
20240430;104718;164.22;10;10239724855;B
20240430;104726;164.22;480;10239726371;B
20240430;104738;164.22;10;10239727601;B
20240430;104738;164.22;10;10239727607;B
20240430;104750;164.21;10;10239729697;S
20240430;104750;164.21;10;10239729698;S
20240430;104750;164.21;10;10239729699;S
20240430;104758;164.22;10;10239731411;B
20240430;104800;164.21;170;10239731904;S
20240430;104800;164.21;10;10239731905;S
20240430;104800;164.2;200;10239731906;S
20240430;104806;164.2;2620;10239732713;B
20240430;104806;164.2;1000;10239732714;B
20240430;104806;164.2;360;10239732715;B
20240430;104806;164.2;1000;10239732716;B
20240430;104806;164.2;800;10239732717;B
20240430;104806;164.2;300;10239732718;B
20240430;104806;164.2;220;10239732719;B
20240430;104806;164.2;1000;10239732720;B
20240430;104806;164.2;10;10239732721;B
20240430;104806;164.2;10;10239732722;B
20240430;104806;164.2;10;10239732723;B
20240430;104806;164.2;10;10239732724;B
20240430;104806;164.2;10;10239732725;B
20240430;104806;164.21;1000;10239732726;B
20240430;104806;164.21;1000;10239732727;B
20240430;104806;164.21;1840;10239732728;B
20240430;104808;164.2;20;10239733018;B
20240430;104810;164.2;500;10239733254;B
20240430;104810;164.2;300;10239733284;B
20240430;104810;164.2;100;10239733285;B
20240430;104810;164.2;100;10239733298;B
20240430;104810;164.2;300;10239733299;B
20240430;104816;164.2;10;10239733935;B
20240430;104820;164.2;290;10239734537;B
20240430;104820;164.2;160;10239734538;B
20240430;104821;164.2;10;10239734702;B
20240430;104823;164.2;10;10239734970;B
20240430;104826;164.19;10;10239735218;S
20240430;104826;164.19;80;10239735219;S
20240430;104826;164.19;170;10239735220;S
20240430;104826;164.19;10;10239735283;B
20240430;104828;164.19;10;10239735429;B
20240430;104837;164.16;350;10239736560;S
20240430;104844;164.16;10;10239737165;B
20240430;104846;164.15;500;10239737263;S
20240430;104846;164.15;300;10239737264;S
20240430;104846;164.15;800;10239737265;S
20240430;104849;164.16;10;10239737524;B
20240430;104910;164.16;100;10239739143;B
20240430;104910;164.16;50;10239739144;B
20240430;104910;164.15;150;10239739148;S
20240430;104913;164.16;60;10239739651;B
20240430;104915;164.16;140;10239739873;B
20240430;104925;164.16;260;10239740720;B
20240430;104926;164.18;340;10239740802;B
20240430;104926;164.19;220;10239740803;B
20240430;104926;164.2;40;10239740804;B
20240430;104926;164.19;480;10239740853;B
20240430;104928;164.18;10;10239741061;S
20240430;104932;164.2;10;10239741515;B
20240430;104936;164.2;90;10239741816;B
20240430;104937;164.18;20;10239742040;S
20240430;104948;164.17;10;10239743406;S
20240430;104949;164.18;20;10239743414;B
20240430;104959;164.18;180;10239744536;B
20240430;104959;164.19;20;10239744537;B
20240430;105000;164.2;10;10239744592;B
20240430;105005;164.18;10;10239745010;S
20240430;105006;164.2;10;10239745073;B
20240430;105009;164.2;350;10239745331;B
20240430;105014;164.2;10;10239745676;B
20240430;105016;164.19;10;10239745858;S
20240430;105020;164.2;10;10239746117;B
20240430;105030;164.19;100;10239747077;S
20240430;105036;164.19;40;10239747526;S
20240430;105038;164.2;180;10239747607;B
20240430;105038;164.2;10;10239747608;B
20240430;105050;164.21;20;10239748353;S
20240430;105056;164.21;20;10239748888;S
20240430;105102;164.22;10;10239749449;B
20240430;105113;164.22;10;10239750323;B
20240430;105123;164.22;30;10239751114;B
20240430;105124;164.23;20;10239751295;B
20240430;105125;164.22;10;10239751348;S
20240430;105126;164.23;80;10239751426;B
20240430;105127;164.23;190;10239751477;S
20240430;105127;164.25;50;10239751492;B
20240430;105127;164.26;300;10239751493;B
20240430;105127;164.26;310;10239751494;B
20240430;105127;164.26;330;10239751495;B
20240430;105127;164.27;2010;10239751496;B
20240430;105129;164.23;210;10239751712;S
20240430;105129;164.23;260;10239751713;S
20240430;105132;164.23;60;10239751917;S
20240430;105140;164.23;20;10239752607;S
20240430;105153;164.26;20;10239753750;B
20240430;105157;164.27;30;10239754011;S
20240430;105200;164.27;40;10239754268;S
20240430;105200;164.24;10;10239754269;S
20240430;105209;164.25;10;10239754922;S
20240430;105210;164.26;400;10239755021;S
20240430;105212;164.29;10;10239755191;B
20240430;105222;164.28;70;10239755861;S
20240430;105228;164.28;10;10239756316;S
20240430;105228;164.28;10;10239756334;S
20240430;105229;164.28;30;10239756466;S
20240430;105231;164.29;30;10239756706;B
20240430;105240;164.3;50;10239757764;B
20240430;105240;164.29;9970;10239757780;S
20240430;105240;164.29;310;10239757781;S
20240430;105240;164.29;300;10239757782;S
20240430;105240;164.28;50;10239757783;S
20240430;105240;164.23;2100;10239757784;S
20240430;105240;164.23;350;10239757785;S
20240430;105240;164.23;340;10239757786;B
20240430;105246;164.23;120;10239758270;B
20240430;105246;164.22;20;10239758279;S
20240430;105246;164.22;20;10239758285;S
20240430;105251;164.21;10;10239758804;S
20240430;105251;164.2;10;10239758865;S
20240430;105252;164.2;30;10239758912;S
20240430;105256;164.2;10;10239759161;S
20240430;105256;164.2;10;10239759163;S
20240430;105258;164.22;30;10239759262;B
20240430;105301;164.2;10;10239759688;S
20240430;105301;164.2;10;10239759696;S
20240430;105302;164.22;10;10239759890;B
20240430;105306;164.2;20;10239760327;S
20240430;105306;164.2;20;10239760329;S
